company_name,company_ticker,company_lei,company_cik,year,quarter,start_date,end_date,filing_date,basicdilutedeps,basiceps,cashdividendspershare,dilutedeps,impairmentexpense,incometaxexpense,netincome,netincomecontinuing,netincomediscontinued,netincometocommon,operatingcostofrevenue,operatingrevenue,othercostofrevenue,otherincome,otheroperatingexpenses,restructuringcharge,sgaexpense,totalcostofrevenue,totalgrossprofit,totalinterestexpense,totalinterestincome,totaloperatingexpenses,totaloperatingincome,totalotherincome,totalpretaxincome,totalrevenue,weightedavebasicdilutedsharesos,weightedavebasicsharesos,weightedavedilutedsharesos
Harley-Davidson Inc,HOG,ZDNAWZWXIKMWI51R2A08,793952,2007.0,FY,2007-01-01,2007-12-31,2010-02-23 11:14:11+00:00,3.75,3.75,1.06,3.74,0.0,513976000.0,933843000.0,933843000.0,0.0,933843000.0,3694223000.0,6143044000.0,11252000.0,,,0.0,1012008000.0,3705475000.0,2437569000.0,0.0,22258000.0,1012008000.0,1425561000.0,22258000.0,1447819000.0,6143044000.0,249000000.0,249000000.0,249700000.0
Harley-Davidson Inc,HOG,ZDNAWZWXIKMWI51R2A08,793952,2008.0,FY,2008-01-01,2008-12-31,2010-02-23 11:14:11+00:00,2.8,2.8,1.29,2.79,0.0,381686000.0,654718000.0,684235000.0,-29517000.0,654718000.0,3784033000.0,5955384000.0,39555000.0,,,12475000.0,1060154000.0,3823588000.0,2131796000.0,4542000.0,11296000.0,1072629000.0,1059167000.0,6754000.0,1065921000.0,5955384000.0,233800000.0,233800000.0,234700000.0
Harley-Davidson Inc,HOG,ZDNAWZWXIKMWI51R2A08,793952,2008.0,Q3,2008-06-30,2008-09-28,2009-10-30 13:45:14+00:00,0.71,0.71,0.33,0.71,0.0,102986000.0,166541000.0,166541000.0,,166541000.0,1015095000.0,1534800000.0,,,,926000.0,250777000.0,1015095000.0,519705000.0,1226000.0,2751000.0,251703000.0,268002000.0,1525000.0,269527000.0,1534800000.0,234600000.0,234600000.0,234600000.0
Harley-Davidson Inc,HOG,ZDNAWZWXIKMWI51R2A08,793952,2008.0,Q2,2008-03-31,2008-06-29,2009-07-31 15:23:48+00:00,0.95,0.95,0.33,0.95,0.0,125316000.0,222787000.0,222787000.0,,222787000.0,1080338000.0,1679409000.0,,,,11549000.0,241659000.0,1080338000.0,599071000.0,0.0,2240000.0,253208000.0,345863000.0,2240000.0,348103000.0,1679409000.0,234500000.0,234500000.0,234500000.0
Harley-Davidson Inc,HOG,ZDNAWZWXIKMWI51R2A08,793952,2009.0,Q4,2009-09-28,2009-12-31,,-0.94,-0.94,0.1,-0.93,-18888000.0,-90930000.0,-218696000.0,-103645000.0,-115051000.0,-218696000.0,455507000.0,862930000.0,163295000.0,,,122336000.0,327208000.0,618802000.0,244128000.0,9084000.0,1037000.0,430656000.0,-186528000.0,-8047000.0,-194575000.0,862930000.0,229700000.0,229700000.0,229700000.0
Harley-Davidson Inc,HOG,ZDNAWZWXIKMWI51R2A08,793952,2009.0,FY,2009-01-01,2009-12-31,2012-02-23 14:28:10+00:00,-0.24,-0.24,0.4,-0.24,28387000.0,108019000.0,-55116000.0,70641000.0,-125757000.0,-55116000.0,3184568000.0,4781909000.0,169206000.0,,,224278000.0,979384000.0,3353774000.0,1428135000.0,21680000.0,4254000.0,1232049000.0,196086000.0,-17426000.0,178660000.0,4781909000.0,229700000.0,229700000.0,229700000.0
Harley-Davidson Inc,HOG,ZDNAWZWXIKMWI51R2A08,793952,2009.0,Q3,2009-06-29,2009-09-27,2009-10-30 13:45:14+00:00,0.11,0.11,0.1,0.11,18888000.0,42800000.0,26483000.0,26483000.0,,26483000.0,917522000.0,1258268000.0,,,,51949000.0,200261000.0,917522000.0,340746000.0,1312000.0,947000.0,271098000.0,69648000.0,-365000.0,69283000.0,1258268000.0,240800000.0,240800000.0,240800000.0
Harley-Davidson Inc,HOG,ZDNAWZWXIKMWI51R2A08,793952,2009.0,Q3YTD,2009-01-01,2009-09-27,,0.7,0.7,0.3,0.69,47275000.0,198949000.0,163580000.0,174286000.0,-10706000.0,163580000.0,2729061000.0,3918979000.0,5911000.0,,,101942000.0,652176000.0,2734972000.0,1184007000.0,12596000.0,3217000.0,801393000.0,382614000.0,-9379000.0,373235000.0,3918979000.0,240800000.0,240800000.0,240800000.0
Harley-Davidson Inc,HOG,ZDNAWZWXIKMWI51R2A08,793952,2009.0,Q2,2009-03-30,2009-06-28,2009-07-31 15:23:48+00:00,0.08,0.08,0.1,0.08,28387000.0,49777000.0,19750000.0,19750000.0,,19750000.0,953453000.0,1277612000.0,,,,15131000.0,209893000.0,953453000.0,324159000.0,1538000.0,317000.0,253411000.0,70748000.0,-1221000.0,69527000.0,1277612000.0,246900000.0,246900000.0,246900000.0
Harley-Davidson Inc,HOG,ZDNAWZWXIKMWI51R2A08,793952,2009.0,Q2YTD,2009-01-01,2009-06-28,,0.59,0.59,0.2,0.58,28387000.0,156149000.0,137097000.0,147803000.0,-10706000.0,137097000.0,1811539000.0,2660711000.0,5911000.0,,,49993000.0,451915000.0,1817450000.0,843261000.0,11284000.0,2270000.0,530295000.0,312966000.0,-9014000.0,303952000.0,2660711000.0,246900000.0,246900000.0,246900000.0
Harley-Davidson Inc,HOG,ZDNAWZWXIKMWI51R2A08,793952,2009.0,Q1,2009-01-01,2009-03-29,2010-05-06 15:33:45+00:00,0.51,0.51,0.1,0.5,,106372000.0,117347000.0,128053000.0,-10706000.0,117347000.0,858086000.0,1383099000.0,5911000.0,,,34862000.0,242022000.0,863997000.0,519102000.0,9746000.0,1953000.0,276884000.0,242218000.0,-7793000.0,234425000.0,1383099000.0,230100000.0,230100000.0,234700000.0
Harley-Davidson Inc,HOG,ZDNAWZWXIKMWI51R2A08,793952,2010.0,Q4,2010-09-27,2010-12-31,,-0.19,-0.19,0.1,-0.2,,-24884000.0,-46766000.0,-42076000.0,-4690000.0,-46766000.0,705390000.0,1083398000.0,24001000.0,,,17671000.0,299616000.0,729391000.0,354007000.0,105456000.0,1776000.0,317287000.0,36720000.0,-103680000.0,-66960000.0,1083398000.0,232600000.0,232600000.0,236400000.0
Harley-Davidson Inc,HOG,ZDNAWZWXIKMWI51R2A08,793952,2010.0,FY,2010-01-01,2010-12-31,2013-02-22 11:01:37+00:00,0.63,0.63,0.4,0.62,,130800000.0,146545000.0,259669000.0,-113124000.0,146545000.0,3021708000.0,4859336000.0,93118000.0,,,163508000.0,1020371000.0,3114826000.0,1744510000.0,175604000.0,5442000.0,1183879000.0,560631000.0,-170162000.0,390469000.0,4859336000.0,232600000.0,232600000.0,236400000.0
Harley-Davidson Inc,HOG,ZDNAWZWXIKMWI51R2A08,793952,2010.0,Q3,2010-06-28,2010-09-26,2010-11-03 13:29:01+00:00,0.38,0.38,0.1,0.38,,36790000.0,88829000.0,93717000.0,-4888000.0,88829000.0,770089000.0,1259960000.0,28049000.0,,,67476000.0,241976000.0,798138000.0,461822000.0,23102000.0,1239000.0,309452000.0,152370000.0,-21863000.0,130507000.0,1259960000.0,233800000.0,233800000.0,233800000.0
Harley-Davidson Inc,HOG,ZDNAWZWXIKMWI51R2A08,793952,2010.0,Q3YTD,2010-01-01,2010-09-26,,0.82,0.82,0.3,0.82,,155684000.0,193311000.0,301745000.0,-108434000.0,193311000.0,2316318000.0,3775938000.0,69117000.0,,,145837000.0,720755000.0,2385435000.0,1390503000.0,70148000.0,3666000.0,866592000.0,523911000.0,-66482000.0,457429000.0,3775938000.0,233800000.0,233800000.0,233800000.0
Harley-Davidson Inc,HOG,ZDNAWZWXIKMWI51R2A08,793952,2010.0,Q3TTM,2009-09-28,2010-09-26,,-0.12,-0.12,0.4,-0.11,-18888000.0,64754000.0,-25385000.0,198100000.0,-223485000.0,-25385000.0,2771825000.0,4638868000.0,232412000.0,,,268173000.0,1047963000.0,3004237000.0,1634631000.0,79232000.0,4703000.0,1297248000.0,337383000.0,-74529000.0,262854000.0,4638868000.0,233800000.0,233800000.0,233800000.0
Harley-Davidson Inc,HOG,ZDNAWZWXIKMWI51R2A08,793952,2010.0,Q2,2010-03-29,2010-06-27,2010-08-05 14:12:56+00:00,0.3,0.3,0.1,0.3,,57425000.0,71157000.0,139287000.0,-68130000.0,71157000.0,807238000.0,1308806000.0,9262000.0,,,30125000.0,243429000.0,816500000.0,492306000.0,23591000.0,1551000.0,273554000.0,218752000.0,-22040000.0,196712000.0,1308806000.0,237200000.0,237200000.0,237200000.0
Harley-Davidson Inc,HOG,ZDNAWZWXIKMWI51R2A08,793952,2010.0,Q2YTD,2010-01-01,2010-06-27,,0.44,0.44,0.2,0.44,,118894000.0,104482000.0,208028000.0,-103546000.0,104482000.0,1546229000.0,2515978000.0,41068000.0,,,78361000.0,478779000.0,1587297000.0,928681000.0,47046000.0,2427000.0,557140000.0,371541000.0,-44619000.0,326922000.0,2515978000.0,237200000.0,237200000.0,237200000.0
Harley-Davidson Inc,HOG,ZDNAWZWXIKMWI51R2A08,793952,2010.0,Q2TTM,2009-06-29,2010-06-27,,-0.39,-0.39,0.4,-0.38,,70764000.0,-87731000.0,130866000.0,-218597000.0,-87731000.0,2919258000.0,4637176000.0,204363000.0,,,252646000.0,1006248000.0,3123621000.0,1513555000.0,57442000.0,4411000.0,1258894000.0,254661000.0,-53031000.0,201630000.0,4637176000.0,237200000.0,237200000.0,237200000.0
Harley-Davidson Inc,HOG,ZDNAWZWXIKMWI51R2A08,793952,2010.0,Q1,2010-01-01,2010-03-28,2010-05-06 15:33:45+00:00,0.14,0.14,0.1,0.14,,61469000.0,33325000.0,68741000.0,-35416000.0,33325000.0,738991000.0,1207172000.0,31806000.0,,,48236000.0,235350000.0,770797000.0,436375000.0,23455000.0,876000.0,283586000.0,152789000.0,-22579000.0,130210000.0,1207172000.0,238000000.0,238000000.0,238000000.0
Harley-Davidson Inc,HOG,ZDNAWZWXIKMWI51R2A08,793952,2010.0,Q1TTM,2009-03-30,2010-03-28,,-0.61,-0.61,0.4,-0.6,28387000.0,63116000.0,-139138000.0,11329000.0,-150467000.0,-139138000.0,3065473000.0,4605982000.0,195101000.0,,,237652000.0,972712000.0,3260574000.0,1345408000.0,35389000.0,3177000.0,1238751000.0,106657000.0,-32212000.0,74445000.0,4605982000.0,238000000.0,238000000.0,238000000.0
Harley-Davidson Inc,HOG,ZDNAWZWXIKMWI51R2A08,793952,2011.0,Q4,2011-09-26,2011-12-31,,0.46,0.46,0.13,0.45,,28909000.0,105680000.0,54644000.0,51036000.0,105680000.0,758885000.0,1183930000.0,12026000.0,,,18970000.0,301669000.0,770911000.0,413019000.0,11165000.0,2338000.0,320639000.0,92380000.0,-8827000.0,83553000.0,1183930000.0,233100000.0,233100000.0,234900000.0
Harley-Davidson Inc,HOG,ZDNAWZWXIKMWI51R2A08,793952,2011.0,FY,2011-01-01,2011-12-31,2014-02-20 13:23:40+00:00,2.57,2.57,0.475,2.55,,244586000.0,599114000.0,548078000.0,51036000.0,599114000.0,3335780000.0,5311713000.0,17031000.0,,,67992000.0,1060943000.0,3352811000.0,1958902000.0,45266000.0,7963000.0,1128935000.0,829967000.0,-37303000.0,792664000.0,5311713000.0,233100000.0,233100000.0,234900000.0
Harley-Davidson Inc,HOG,ZDNAWZWXIKMWI51R2A08,793952,2011.0,Q3,2011-06-27,2011-09-25,2011-11-03 11:02:58+00:00,0.79,0.79,0.125,0.78,,50303000.0,183594000.0,183594000.0,,183594000.0,879215000.0,1397256000.0,6189000.0,,,12429000.0,256735000.0,885404000.0,511852000.0,11270000.0,2479000.0,269164000.0,242688000.0,-8791000.0,233897000.0,1397256000.0,232400000.0,232400000.0,235400000.0
Harley-Davidson Inc,HOG,ZDNAWZWXIKMWI51R2A08,793952,2011.0,Q3YTD,2011-01-01,2011-09-25,,2.11,2.11,0.35,2.1,,215677000.0,493434000.0,493434000.0,,493434000.0,2576895000.0,4127783000.0,5005000.0,,,49022000.0,759274000.0,2581900000.0,1545883000.0,34101000.0,5625000.0,808296000.0,737587000.0,-28476000.0,709111000.0,4127783000.0,232400000.0,232400000.0,235400000.0
Harley-Davidson Inc,HOG,ZDNAWZWXIKMWI51R2A08,793952,2011.0,Q3TTM,2010-09-27,2011-09-25,,1.92,1.92,0.45,1.9,,190793000.0,446668000.0,451358000.0,-4690000.0,446668000.0,3282285000.0,5211181000.0,29006000.0,,,66693000.0,1058890000.0,3311291000.0,1899890000.0,139557000.0,7401000.0,1125583000.0,774307000.0,-132156000.0,642151000.0,5211181000.0,232400000.0,232400000.0,235400000.0
Harley-Davidson Inc,HOG,ZDNAWZWXIKMWI51R2A08,793952,2011.0,Q2,2011-03-28,2011-06-26,2011-08-04 10:29:07+00:00,0.81,0.81,0.125,0.81,,101720000.0,190580000.0,190580000.0,,190580000.0,928467000.0,1505597000.0,-6790000.0,,,13594000.0,268424000.0,921677000.0,583920000.0,11350000.0,1748000.0,282018000.0,301902000.0,-9602000.0,292300000.0,1505597000.0,235300000.0,235300000.0,235300000.0
Harley-Davidson Inc,HOG,ZDNAWZWXIKMWI51R2A08,793952,2011.0,Q2YTD,2011-01-01,2011-06-26,,1.32,1.32,0.23,1.32,,165374000.0,309840000.0,309840000.0,,309840000.0,1697680000.0,2730527000.0,-1184000.0,,,36593000.0,502539000.0,1696496000.0,1034031000.0,22831000.0,3146000.0,539132000.0,494899000.0,-19685000.0,475214000.0,2730527000.0,235300000.0,235300000.0,235300000.0
Harley-Davidson Inc,HOG,ZDNAWZWXIKMWI51R2A08,793952,2011.0,Q2TTM,2010-06-28,2011-06-26,,1.51,1.51,0.43,1.5,,177280000.0,351903000.0,361481000.0,-9578000.0,351903000.0,3173159000.0,5073885000.0,50866000.0,,,121740000.0,1044131000.0,3224025000.0,1849860000.0,151389000.0,6161000.0,1165871000.0,683989000.0,-145228000.0,538761000.0,5073885000.0,235300000.0,235300000.0,235300000.0
Harley-Davidson Inc,HOG,ZDNAWZWXIKMWI51R2A08,793952,2011.0,Q1,2011-01-01,2011-03-27,2011-05-04 16:36:54+00:00,0.51,0.51,0.1,0.51,,63654000.0,119260000.0,119260000.0,,119260000.0,769213000.0,1224930000.0,5606000.0,,,22999000.0,234115000.0,774819000.0,450111000.0,11481000.0,1398000.0,257114000.0,192997000.0,-10083000.0,182914000.0,1224930000.0,233800000.0,233800000.0,233800000.0
Harley-Davidson Inc,HOG,ZDNAWZWXIKMWI51R2A08,793952,2011.0,Q1TTM,2010-03-29,2011-03-27,,1.0,1.0,0.4,0.99,,132985000.0,232480000.0,310188000.0,-77708000.0,232480000.0,3051930000.0,4877094000.0,66918000.0,,,138271000.0,1019136000.0,3118848000.0,1758246000.0,163630000.0,5964000.0,1157407000.0,600839000.0,-157666000.0,443173000.0,4877094000.0,233800000.0,233800000.0,233800000.0
Harley-Davidson Inc,HOG,ZDNAWZWXIKMWI51R2A08,793952,2012.0,Q4,2012-10-01,2012-12-31,,0.33,0.33,0.15,0.32,,35717000.0,70639000.0,70639000.0,,70639000.0,738732000.0,1170860000.0,9415000.0,,,1634000.0,304976000.0,748147000.0,422713000.0,11505000.0,1758000.0,306610000.0,116103000.0,-9747000.0,106356000.0,1170860000.0,226900000.0,226900000.0,229400000.0
Harley-Davidson Inc,HOG,ZDNAWZWXIKMWI51R2A08,793952,2012.0,FY,2012-01-01,2012-12-31,2014-02-20 13:23:40+00:00,2.75,2.75,0.62,2.72,,337587000.0,623925000.0,623925000.0,0.0,623925000.0,3418384000.0,5580506000.0,22239000.0,,,28475000.0,1111232000.0,3440623000.0,2139883000.0,46033000.0,7369000.0,1139707000.0,1000176000.0,-38664000.0,961512000.0,5580506000.0,226900000.0,226900000.0,229400000.0
Harley-Davidson Inc,HOG,ZDNAWZWXIKMWI51R2A08,793952,2012.0,Q3,2012-07-02,2012-09-30,2013-11-06 16:40:56+00:00,0.59,0.59,0.155,0.59,,73110000.0,134001000.0,134001000.0,,134001000.0,757595000.0,1250295000.0,9069000.0,,,9170000.0,257359000.0,766664000.0,483631000.0,11438000.0,1447000.0,266529000.0,217102000.0,-9991000.0,207111000.0,1250295000.0,227100000.0,227100000.0,227100000.0
Harley-Davidson Inc,HOG,ZDNAWZWXIKMWI51R2A08,793952,2012.0,Q3YTD,2012-01-01,2012-09-30,,2.42,2.42,0.47,2.4,,301870000.0,553286000.0,553286000.0,,553286000.0,2679652000.0,4409646000.0,12824000.0,,,26841000.0,806256000.0,2692476000.0,1717170000.0,34528000.0,5611000.0,833097000.0,884073000.0,-28917000.0,855156000.0,4409646000.0,227100000.0,227100000.0,227100000.0
Harley-Davidson Inc,HOG,ZDNAWZWXIKMWI51R2A08,793952,2012.0,Q3TTM,2011-09-26,2012-09-30,,2.88,2.88,0.59,2.85,,330779000.0,658966000.0,607930000.0,51036000.0,658966000.0,3438537000.0,5593576000.0,24850000.0,,,45811000.0,1107925000.0,3463387000.0,2130189000.0,45693000.0,7949000.0,1153736000.0,976453000.0,-37744000.0,938709000.0,5593576000.0,227100000.0,227100000.0,227100000.0
Harley-Davidson Inc,HOG,ZDNAWZWXIKMWI51R2A08,793952,2012.0,Q2,2012-04-02,2012-07-01,2013-08-08 12:01:47+00:00,1.08,1.08,0.155,1.07,,134899000.0,247250000.0,247250000.0,,247250000.0,1053942000.0,1729660000.0,-5259000.0,,,6220000.0,283244000.0,1048683000.0,680977000.0,11595000.0,2231000.0,289464000.0,391513000.0,-9364000.0,382149000.0,1729660000.0,228900000.0,228900000.0,231100000.0
Harley-Davidson Inc,HOG,ZDNAWZWXIKMWI51R2A08,793952,2012.0,Q2YTD,2012-01-01,2012-07-01,,1.83,1.83,0.31,1.81,,228760000.0,419285000.0,419285000.0,,419285000.0,1922057000.0,3159351000.0,3755000.0,,,17671000.0,548897000.0,1925812000.0,1233539000.0,23090000.0,4164000.0,566568000.0,666971000.0,-18926000.0,648045000.0,3159351000.0,228900000.0,228900000.0,231100000.0
Harley-Davidson Inc,HOG,ZDNAWZWXIKMWI51R2A08,793952,2012.0,Q2TTM,2011-06-27,2012-07-01,,3.08,3.08,0.56,3.04,,307972000.0,708559000.0,657523000.0,51036000.0,708559000.0,3560157000.0,5740537000.0,21970000.0,,,49070000.0,1107301000.0,3582127000.0,2158410000.0,45525000.0,8981000.0,1156371000.0,1002039000.0,-36544000.0,965495000.0,5740537000.0,228900000.0,228900000.0,231100000.0
Harley-Davidson Inc,HOG,ZDNAWZWXIKMWI51R2A08,793952,2012.0,Q1,2012-01-01,2012-04-01,2013-05-09 11:55:15+00:00,0.75,0.75,0.155,0.74,,93861000.0,172035000.0,172035000.0,,172035000.0,868115000.0,1429691000.0,9014000.0,,,11451000.0,265653000.0,877129000.0,552562000.0,11495000.0,1933000.0,277104000.0,275458000.0,-9562000.0,265896000.0,1429691000.0,229400000.0,228988000.0,232500000.0
Harley-Davidson Inc,HOG,ZDNAWZWXIKMWI51R2A08,793952,2012.0,Q1TTM,2011-03-28,2012-04-01,,2.81,2.81,0.53,2.78,,274793000.0,651889000.0,600853000.0,51036000.0,651889000.0,3434682000.0,5516474000.0,20439000.0,,,56444000.0,1092481000.0,3455121000.0,2061353000.0,45280000.0,8498000.0,1148925000.0,912428000.0,-36782000.0,875646000.0,5516474000.0,229400000.0,228988000.0,232500000.0
Harley-Davidson Inc,HOG,ZDNAWZWXIKMWI51R2A08,793952,2013.0,FY,2013-01-01,2013-12-31,2015-02-19 11:57:16+00:00,3.3,3.3,0.84,3.28,,380312000.0,733993000.0,733993000.0,,733993000.0,3561409000.0,5899872000.0,60008000.0,,,-2131000.0,1126884000.0,3621417000.0,2278455000.0,45256000.0,5859000.0,1124753000.0,1153702000.0,-39397000.0,1114305000.0,5899872000.0,222400000.0,222400000.0,223800000.0
Harley-Davidson Inc,HOG,ZDNAWZWXIKMWI51R2A08,793952,2013.0,Q4,2013-09-30,2013-12-31,,0.35,0.35,0.21,0.35,,36682000.0,75409000.0,75409000.0,,75409000.0,747034000.0,1190634000.0,20997000.0,,,-418000.0,300985000.0,768031000.0,422603000.0,11258000.0,1313000.0,300567000.0,122036000.0,-9945000.0,112091000.0,1190634000.0,222400000.0,222400000.0,223800000.0
Harley-Davidson Inc,HOG,ZDNAWZWXIKMWI51R2A08,793952,2013.0,Q3,2013-07-01,2013-09-29,2013-11-06 16:40:56+00:00,0.73,0.73,0.21,0.73,,78615000.0,162716000.0,162716000.0,,162716000.0,803913000.0,1343718000.0,14604000.0,,,646000.0,273016000.0,818517000.0,525201000.0,11369000.0,1161000.0,273662000.0,251539000.0,-10208000.0,241331000.0,1343718000.0,222900000.0,222900000.0,222900000.0
Harley-Davidson Inc,HOG,ZDNAWZWXIKMWI51R2A08,793952,2013.0,Q3YTD,2013-01-01,2013-09-29,,2.95,2.95,0.63,2.93,,343630000.0,658584000.0,658584000.0,,658584000.0,2814375000.0,4709238000.0,39011000.0,,,-1713000.0,825899000.0,2853386000.0,1855852000.0,33998000.0,4546000.0,824186000.0,1031666000.0,-29452000.0,1002214000.0,4709238000.0,222900000.0,222900000.0,222900000.0
Harley-Davidson Inc,HOG,ZDNAWZWXIKMWI51R2A08,793952,2013.0,Q3TTM,2012-10-01,2013-09-29,,3.28,3.28,0.78,3.25,,379347000.0,729223000.0,729223000.0,,729223000.0,3553107000.0,5880098000.0,48426000.0,,,-79000.0,1130875000.0,3601533000.0,2278565000.0,45503000.0,6304000.0,1130796000.0,1147769000.0,-39199000.0,1108570000.0,5880098000.0,222900000.0,222900000.0,222900000.0
Harley-Davidson Inc,HOG,ZDNAWZWXIKMWI51R2A08,793952,2013.0,Q2,2013-04-01,2013-06-30,2013-08-08 12:01:47+00:00,1.22,1.22,0.21,1.21,,150614000.0,271739000.0,271739000.0,,271739000.0,1075102000.0,1794307000.0,11297000.0,,,-5297000.0,281384000.0,1086399000.0,707908000.0,11238000.0,1770000.0,276087000.0,431821000.0,-9468000.0,422353000.0,1794307000.0,222700000.0,222700000.0,224600000.0
Harley-Davidson Inc,HOG,ZDNAWZWXIKMWI51R2A08,793952,2013.0,Q2YTD,2013-01-01,2013-06-30,,2.22,2.22,0.42,2.2,,265015000.0,495868000.0,495868000.0,,495868000.0,2010462000.0,3365520000.0,24407000.0,,,-2359000.0,552883000.0,2034869000.0,1330651000.0,22629000.0,3385000.0,550524000.0,780127000.0,-19244000.0,760883000.0,3365520000.0,222700000.0,222700000.0,224600000.0
Harley-Davidson Inc,HOG,ZDNAWZWXIKMWI51R2A08,793952,2013.0,Q2TTM,2012-07-02,2013-06-30,,3.14,3.14,0.73,3.11,,373842000.0,700508000.0,700508000.0,,700508000.0,3506789000.0,5786675000.0,42891000.0,,,8445000.0,1115218000.0,3549680000.0,2236995000.0,45572000.0,6590000.0,1123663000.0,1113332000.0,-38982000.0,1074350000.0,5786675000.0,222700000.0,222700000.0,224600000.0
Harley-Davidson Inc,HOG,ZDNAWZWXIKMWI51R2A08,793952,2013.0,Q1,2013-01-01,2013-03-31,2013-05-09 11:55:15+00:00,1.0,1.0,0.21,0.99,,114401000.0,224129000.0,224129000.0,,224129000.0,935360000.0,1571213000.0,13110000.0,,,2938000.0,271499000.0,948470000.0,622743000.0,11391000.0,1615000.0,274437000.0,348306000.0,-9776000.0,338530000.0,1571213000.0,224100000.0,224429000.0,226400000.0
Harley-Davidson Inc,HOG,ZDNAWZWXIKMWI51R2A08,793952,2013.0,Q1TTM,2012-04-02,2013-03-31,,3.0,3.0,0.68,2.97,,358127000.0,676019000.0,676019000.0,,676019000.0,3485629000.0,5722028000.0,26335000.0,,,19962000.0,1117078000.0,3511964000.0,2210064000.0,45929000.0,7051000.0,1137040000.0,1073024000.0,-38878000.0,1034146000.0,5722028000.0,224100000.0,224429000.0,226400000.0
Harley-Davidson Inc,HOG,ZDNAWZWXIKMWI51R2A08,793952,2014.0,FY,2014-01-01,2014-12-31,2017-02-21 16:01:23+00:00,3.9,3.9,1.1,3.88,,438709000.0,844611000.0,844611000.0,,844611000.0,3707077000.0,6228508000.0,80946000.0,,,,1159502000.0,3788023000.0,2440485000.0,4162000.0,6499000.0,1159502000.0,1280983000.0,2337000.0,1283320000.0,6228508000.0,216600000.0,216600000.0,217700000.0
Harley-Davidson Inc,HOG,ZDNAWZWXIKMWI51R2A08,793952,2014.0,Q4,2014-09-29,2014-12-31,,0.36,0.36,0.28,0.36,,25402000.0,74475000.0,74475000.0,,74475000.0,761677000.0,1200157000.0,23157000.0,,,,316990000.0,784834000.0,415323000.0,15000.0,1559000.0,316990000.0,98333000.0,1544000.0,99877000.0,1200157000.0,216600000.0,216600000.0,217700000.0
Harley-Davidson Inc,HOG,ZDNAWZWXIKMWI51R2A08,793952,2014.0,Q3,2014-06-30,2014-09-28,2015-11-05 12:51:13+00:00,0.7,0.7,0.275,0.69,,75439000.0,150066000.0,150066000.0,,150066000.0,776099000.0,1301604000.0,21497000.0,,,,279935000.0,797596000.0,504008000.0,77000.0,1509000.0,279935000.0,224073000.0,1432000.0,225505000.0,1301604000.0,214400000.0,214400000.0,217500000.0
Harley-Davidson Inc,HOG,ZDNAWZWXIKMWI51R2A08,793952,2014.0,Q3YTD,2014-01-01,2014-09-28,,3.54,3.54,0.83,3.52,,413307000.0,770136000.0,770136000.0,,770136000.0,2945400000.0,5028351000.0,57789000.0,,,,842512000.0,3003189000.0,2025162000.0,4147000.0,4940000.0,842512000.0,1182650000.0,793000.0,1183443000.0,5028351000.0,214400000.0,214400000.0,217500000.0
Harley-Davidson Inc,HOG,ZDNAWZWXIKMWI51R2A08,793952,2014.0,Q3TTM,2013-09-30,2014-09-28,,3.89,3.89,1.04,3.87,,449989000.0,845545000.0,845545000.0,,845545000.0,3692434000.0,6218985000.0,78786000.0,,,-418000.0,1143497000.0,3771220000.0,2447765000.0,15405000.0,6253000.0,1143079000.0,1304686000.0,-9152000.0,1295534000.0,6218985000.0,214400000.0,214400000.0,217500000.0
Harley-Davidson Inc,HOG,ZDNAWZWXIKMWI51R2A08,793952,2014.0,Q2YTD,2014-01-01,2014-06-29,,2.84,2.84,0.55,2.83,,337868000.0,620070000.0,620070000.0,,620070000.0,2169301000.0,3726747000.0,36292000.0,,,,562577000.0,2205593000.0,1521154000.0,4070000.0,3431000.0,562577000.0,958577000.0,-639000.0,957938000.0,3726747000.0,217300000.0,217300000.0,218600000.0
Harley-Davidson Inc,HOG,ZDNAWZWXIKMWI51R2A08,793952,2014.0,Q2TTM,2013-07-01,2014-06-29,,3.92,3.92,0.97,3.91,,453165000.0,858195000.0,858195000.0,,858195000.0,3720248000.0,6261099000.0,71893000.0,,,228000.0,1136578000.0,3792141000.0,2468958000.0,26697000.0,5905000.0,1136806000.0,1332152000.0,-20792000.0,1311360000.0,6261099000.0,217300000.0,217300000.0,218600000.0
Harley-Davidson Inc,HOG,ZDNAWZWXIKMWI51R2A08,793952,2014.0,Q2,2014-03-31,2014-06-29,2015-08-06 10:59:13+00:00,1.63,1.63,0.275,1.62,,194921000.0,354153000.0,354153000.0,,354153000.0,1150887000.0,2000699000.0,15961000.0,,,,286156000.0,1166848000.0,833851000.0,393000.0,1772000.0,286156000.0,547695000.0,1379000.0,549074000.0,2000699000.0,217300000.0,217300000.0,218600000.0
Harley-Davidson Inc,HOG,ZDNAWZWXIKMWI51R2A08,793952,2014.0,Q1,2014-01-01,2014-03-30,2014-05-08 11:43:05+00:00,1.21,1.21,0.275,1.21,,142947000.0,265917000.0,265917000.0,,265917000.0,1018414000.0,1726048000.0,20331000.0,,,0.0,276421000.0,1038745000.0,687303000.0,3677000.0,1659000.0,276421000.0,410882000.0,-2018000.0,408864000.0,1726048000.0,219800000.0,219800000.0,219800000.0
Harley-Davidson Inc,HOG,ZDNAWZWXIKMWI51R2A08,793952,2014.0,Q1TTM,2013-04-01,2014-03-30,,3.51,3.51,0.91,3.5,,408858000.0,775781000.0,775781000.0,,775781000.0,3644463000.0,6054707000.0,67229000.0,,,-5069000.0,1131806000.0,3711692000.0,2343015000.0,37542000.0,5903000.0,1126737000.0,1216278000.0,-31639000.0,1184639000.0,6054707000.0,219800000.0,219800000.0,219800000.0
Harley-Davidson Inc,HOG,ZDNAWZWXIKMWI51R2A08,793952,2015.0,FY,2015-01-01,2015-12-31,2018-02-21 16:29:55+00:00,3.71,3.71,1.24,3.69,,397956000.0,752207000.0,752207000.0,,752207000.0,3518267000.0,5995402000.0,101345000.0,,,,1220095000.0,3619612000.0,2375790000.0,12117000.0,6585000.0,1220095000.0,1155695000.0,-5532000.0,1150163000.0,5995402000.0,202800000.0,202800000.0,203900000.0
Harley-Davidson Inc,HOG,ZDNAWZWXIKMWI51R2A08,793952,2015.0,Q4,2015-09-28,2015-12-31,,0.3,0.3,0.31,0.29,,18411000.0,42196000.0,42196000.0,,42196000.0,727183000.0,1180635000.0,32690000.0,,,,353537000.0,759873000.0,420762000.0,7220000.0,602000.0,353537000.0,67225000.0,-6618000.0,60607000.0,1180635000.0,202800000.0,202800000.0,203900000.0
Harley-Davidson Inc,HOG,ZDNAWZWXIKMWI51R2A08,793952,2015.0,Q3,2015-06-29,2015-09-27,2016-11-03 16:02:57+00:00,0.69,0.69,0.31,0.69,,73821000.0,140347000.0,140347000.0,,140347000.0,787496000.0,1317430000.0,27233000.0,,,,286865000.0,814729000.0,502701000.0,4879000.0,3211000.0,286865000.0,215836000.0,-1668000.0,214168000.0,1317430000.0,203400000.0,203400000.0,203400000.0
Harley-Davidson Inc,HOG,ZDNAWZWXIKMWI51R2A08,793952,2015.0,Q3YTD,2015-01-01,2015-09-27,,3.41,3.41,0.93,3.4,,379545000.0,710011000.0,710011000.0,,710011000.0,2791084000.0,4814767000.0,68655000.0,,,,866558000.0,2859739000.0,1955028000.0,4897000.0,5983000.0,866558000.0,1088470000.0,1086000.0,1089556000.0,4814767000.0,203400000.0,203400000.0,203400000.0
Harley-Davidson Inc,HOG,ZDNAWZWXIKMWI51R2A08,793952,2015.0,Q3TTM,2014-09-29,2015-09-27,,3.77,3.77,1.21,3.76,,404947000.0,784486000.0,784486000.0,,784486000.0,3552761000.0,6014924000.0,91812000.0,,,,1183548000.0,3644573000.0,2370351000.0,4912000.0,7542000.0,1183548000.0,1186803000.0,2630000.0,1189433000.0,6014924000.0,203400000.0,203400000.0,203400000.0
Harley-Davidson Inc,HOG,ZDNAWZWXIKMWI51R2A08,793952,2015.0,Q2,2015-03-30,2015-06-28,2016-08-04 13:22:30+00:00,1.44,1.44,0.31,1.44,,164147000.0,299810000.0,299810000.0,,299810000.0,1044757000.0,1824392000.0,15175000.0,,,,301944000.0,1059932000.0,764460000.0,9000.0,1450000.0,301944000.0,462516000.0,1441000.0,463957000.0,1824392000.0,208200000.0,208200000.0,208200000.0
Harley-Davidson Inc,HOG,ZDNAWZWXIKMWI51R2A08,793952,2015.0,Q2YTD,2015-01-01,2015-06-28,,2.72,2.72,0.62,2.71,,305724000.0,569664000.0,569664000.0,,569664000.0,2003588000.0,3497337000.0,41422000.0,,,,579693000.0,2045010000.0,1452327000.0,18000.0,2772000.0,579693000.0,872634000.0,2754000.0,875388000.0,3497337000.0,208200000.0,208200000.0,208200000.0
Harley-Davidson Inc,HOG,ZDNAWZWXIKMWI51R2A08,793952,2015.0,Q2TTM,2014-06-30,2015-06-28,,3.78,3.78,1.17,3.76,,406565000.0,794205000.0,794205000.0,,794205000.0,3541364000.0,5999098000.0,86076000.0,,,,1176618000.0,3627440000.0,2371658000.0,110000.0,5840000.0,1176618000.0,1195040000.0,5730000.0,1200770000.0,5999098000.0,208200000.0,208200000.0,208200000.0
Harley-Davidson Inc,HOG,ZDNAWZWXIKMWI51R2A08,793952,2015.0,Q1,2015-01-01,2015-03-29,2016-05-05 11:26:00+00:00,1.28,1.28,0.31,1.27,,141577000.0,269854000.0,269854000.0,,269854000.0,958831000.0,1672945000.0,26247000.0,,,,277749000.0,985078000.0,687867000.0,9000.0,1322000.0,277749000.0,410118000.0,1313000.0,411431000.0,1672945000.0,210800000.0,210800000.0,212500000.0
Harley-Davidson Inc,HOG,ZDNAWZWXIKMWI51R2A08,793952,2015.0,Q1TTM,2014-03-31,2015-03-29,,3.97,3.97,1.14,3.94,,437339000.0,848548000.0,848548000.0,,848548000.0,3647494000.0,6175405000.0,86862000.0,,,,1160830000.0,3734356000.0,2441049000.0,494000.0,6162000.0,1160830000.0,1280219000.0,5668000.0,1285887000.0,6175405000.0,210800000.0,210800000.0,212500000.0
Harley-Davidson Inc,HOG,ZDNAWZWXIKMWI51R2A08,793952,2016.0,FY,2016-01-01,2016-12-31,2019-02-28 09:17:31+00:00,3.85,3.85,1.4,3.83,,331747000.0,692164000.0,692164000.0,,692164000.0,3599753000.0,5996458000.0,136617000.0,2642000.0,,0.0,1213794000.0,3736370000.0,2260088000.0,29670000.0,4645000.0,1213794000.0,1046294000.0,-22383000.0,1023911000.0,5996458000.0,179800000.0,179800000.0,180700000.0
Harley-Davidson Inc,HOG,ZDNAWZWXIKMWI51R2A08,793952,2016.0,Q4,2016-09-26,2016-12-31,,0.29,0.29,0.35,0.28,,15420000.0,47179000.0,47179000.0,,47179000.0,694870000.0,1110600000.0,39490000.0,2642000.0,,,309472000.0,734360000.0,376240000.0,7702000.0,891000.0,309472000.0,66768000.0,-4169000.0,62599000.0,1110600000.0,179800000.0,179800000.0,180700000.0
Harley-Davidson Inc,HOG,ZDNAWZWXIKMWI51R2A08,793952,2016.0,Q3,2016-06-27,2016-09-25,2017-11-02 15:02:08+00:00,0.64,0.64,0.35,0.64,,58905000.0,114065000.0,114065000.0,,114065000.0,767184000.0,1274813000.0,36543000.0,,,,292710000.0,803727000.0,471086000.0,7706000.0,2300000.0,292710000.0,178376000.0,-5406000.0,172970000.0,1274813000.0,178200000.0,178200000.0,178200000.0
Harley-Davidson Inc,HOG,ZDNAWZWXIKMWI51R2A08,793952,2016.0,Q3YTD,2016-01-01,2016-09-25,,3.56,3.56,1.05,3.55,,316327000.0,644985000.0,644985000.0,,644985000.0,2904883000.0,4885858000.0,97127000.0,,,,904322000.0,3002010000.0,1883848000.0,21968000.0,3754000.0,904322000.0,979526000.0,-18214000.0,961312000.0,4885858000.0,178200000.0,178200000.0,178200000.0
Harley-Davidson Inc,HOG,ZDNAWZWXIKMWI51R2A08,793952,2016.0,Q3TTM,2015-09-28,2016-09-25,,3.86,3.86,1.36,3.84,,334738000.0,687181000.0,687181000.0,,687181000.0,3632066000.0,6066493000.0,129817000.0,,,,1257859000.0,3761883000.0,2304610000.0,29188000.0,4356000.0,1257859000.0,1046751000.0,-24832000.0,1021919000.0,6066493000.0,178200000.0,178200000.0,178200000.0
Harley-Davidson Inc,HOG,ZDNAWZWXIKMWI51R2A08,793952,2016.0,Q2,2016-03-28,2016-06-26,2017-08-03 14:01:13+00:00,1.55,1.55,0.35,1.55,,125485000.0,280431000.0,280431000.0,,280431000.0,1105450000.0,1861077000.0,23461000.0,,,,319844000.0,1128911000.0,732166000.0,7094000.0,688000.0,319844000.0,412322000.0,-6406000.0,405916000.0,1861077000.0,180900000.0,180900000.0,180900000.0
Harley-Davidson Inc,HOG,ZDNAWZWXIKMWI51R2A08,793952,2016.0,Q2YTD,2016-01-01,2016-06-26,,2.92,2.92,0.7,2.91,,257422000.0,530920000.0,530920000.0,,530920000.0,2137699000.0,3611045000.0,60584000.0,,,,611612000.0,2198283000.0,1412762000.0,14262000.0,1454000.0,611612000.0,801150000.0,-12808000.0,788342000.0,3611045000.0,180900000.0,180900000.0,180900000.0
Harley-Davidson Inc,HOG,ZDNAWZWXIKMWI51R2A08,793952,2016.0,Q2TTM,2015-06-29,2016-06-26,,3.91,3.91,1.32,3.89,,349654000.0,713463000.0,713463000.0,,713463000.0,3652378000.0,6109110000.0,120507000.0,,,,1252014000.0,3772885000.0,2336225000.0,26361000.0,5267000.0,1252014000.0,1084211000.0,-21094000.0,1063117000.0,6109110000.0,180900000.0,180900000.0,180900000.0
Harley-Davidson Inc,HOG,ZDNAWZWXIKMWI51R2A08,793952,2016.0,Q1,2016-01-01,2016-03-27,2017-05-04 11:39:09+00:00,1.37,1.37,0.35,1.36,,131937000.0,250489000.0,250489000.0,,250489000.0,1032249000.0,1749968000.0,37123000.0,,,,291768000.0,1069372000.0,680596000.0,7168000.0,766000.0,291768000.0,388828000.0,-6402000.0,382426000.0,1749968000.0,182800000.0,182800000.0,184200000.0
Harley-Davidson Inc,HOG,ZDNAWZWXIKMWI51R2A08,793952,2016.0,Q1TTM,2015-03-30,2016-03-27,,3.8,3.8,1.28,3.78,,388316000.0,732842000.0,732842000.0,,732842000.0,3591685000.0,6072425000.0,112221000.0,,,,1234114000.0,3703906000.0,2368519000.0,19276000.0,6029000.0,1234114000.0,1134405000.0,-13247000.0,1121158000.0,6072425000.0,182800000.0,182800000.0,184200000.0
Harley-Davidson Inc,HOG,ZDNAWZWXIKMWI51R2A08,793952,2017.0,FY,2017-01-01,2017-12-31,2020-02-19 13:09:29+00:00,3.03,3.03,1.46,3.02,,342080000.0,521759000.0,521759000.0,,521759000.0,3452523000.0,5647224000.0,132444000.0,9182000.0,,0.0,1180176000.0,3584967000.0,2062257000.0,31004000.0,3580000.0,1180176000.0,882081000.0,-18242000.0,863839000.0,5647224000.0,172200000.0,172200000.0,172800000.0
Harley-Davidson Inc,HOG,ZDNAWZWXIKMWI51R2A08,793952,2017.0,Q4,2017-09-25,2017-12-31,,0.09,0.09,0.37,0.09,,86513000.0,8314000.0,8314000.0,,8314000.0,772773000.0,1228928000.0,33385000.0,2295000.0,,,323570000.0,806158000.0,422770000.0,7709000.0,1041000.0,323570000.0,99200000.0,-4373000.0,94827000.0,1228928000.0,172200000.0,172200000.0,172800000.0
Harley-Davidson Inc,HOG,ZDNAWZWXIKMWI51R2A08,793952,2017.0,Q3,2017-06-26,2017-09-24,2018-11-08 11:58:06+00:00,0.4,0.4,0.365,0.4,,21686000.0,68209000.0,68209000.0,,68209000.0,733992000.0,1151195000.0,29253000.0,2296000.0,,0.0,293538000.0,763245000.0,387950000.0,7896000.0,1083000.0,293538000.0,94412000.0,-4517000.0,89895000.0,1151195000.0,170500000.0,170500000.0,170500000.0
Harley-Davidson Inc,HOG,ZDNAWZWXIKMWI51R2A08,793952,2017.0,Q3YTD,2017-01-01,2017-09-24,,2.94,2.94,1.1,2.93,,255567000.0,513445000.0,513445000.0,,513445000.0,2679750000.0,4418296000.0,99059000.0,6887000.0,,,856606000.0,2778809000.0,1639487000.0,23295000.0,2539000.0,856606000.0,782881000.0,-13869000.0,769012000.0,4418296000.0,170500000.0,170500000.0,170500000.0
Harley-Davidson Inc,HOG,ZDNAWZWXIKMWI51R2A08,793952,2017.0,Q3TTM,2016-09-26,2017-09-24,,3.23,3.23,1.44,3.21,,270987000.0,560624000.0,560624000.0,,560624000.0,3374620000.0,5528896000.0,138549000.0,9529000.0,,,1166078000.0,3513169000.0,2015727000.0,30997000.0,3430000.0,1166078000.0,849649000.0,-18038000.0,831611000.0,5528896000.0,170500000.0,170500000.0,170500000.0
Harley-Davidson Inc,HOG,ZDNAWZWXIKMWI51R2A08,793952,2017.0,Q2,2017-03-27,2017-06-25,2018-08-09 14:07:11+00:00,1.48,1.48,0.365,1.48,,135566000.0,258867000.0,258867000.0,,258867000.0,1048581000.0,1765169000.0,26217000.0,2295000.0,,0.0,291084000.0,1074798000.0,690371000.0,7726000.0,577000.0,291084000.0,399287000.0,-4854000.0,394433000.0,1765169000.0,174900000.0,174900000.0,174900000.0
Harley-Davidson Inc,HOG,ZDNAWZWXIKMWI51R2A08,793952,2017.0,Q2YTD,2017-01-01,2017-06-25,,2.54,2.54,0.73,2.53,,233881000.0,445236000.0,445236000.0,,445236000.0,1945758000.0,3267101000.0,69806000.0,4591000.0,,,563068000.0,2015564000.0,1251537000.0,15399000.0,1456000.0,563068000.0,688469000.0,-9352000.0,679117000.0,3267101000.0,174900000.0,174900000.0,174900000.0
Harley-Davidson Inc,HOG,ZDNAWZWXIKMWI51R2A08,793952,2017.0,Q2TTM,2016-06-27,2017-06-25,,3.47,3.47,1.43,3.45,,308206000.0,606480000.0,606480000.0,,606480000.0,3407812000.0,5652514000.0,145839000.0,7233000.0,,,1165250000.0,3553651000.0,2098863000.0,30807000.0,4647000.0,1165250000.0,933613000.0,-18927000.0,914686000.0,5652514000.0,174900000.0,174900000.0,174900000.0
Harley-Davidson Inc,HOG,ZDNAWZWXIKMWI51R2A08,793952,2017.0,Q1,2017-01-01,2017-03-26,2018-05-10 15:54:15+00:00,1.06,1.06,0.365,1.05,,98315000.0,186369000.0,186369000.0,,186369000.0,897177000.0,1501932000.0,43589000.0,2296000.0,,0.0,271984000.0,940766000.0,561166000.0,7673000.0,879000.0,271984000.0,289182000.0,-4498000.0,284684000.0,1501932000.0,175800000.0,175800000.0,177500000.0
Harley-Davidson Inc,HOG,ZDNAWZWXIKMWI51R2A08,793952,2017.0,Q1TTM,2016-03-28,2017-03-26,,3.54,3.54,1.42,3.52,,298125000.0,628044000.0,628044000.0,,628044000.0,3464681000.0,5748422000.0,143083000.0,4938000.0,,,1194010000.0,3607764000.0,2140658000.0,30175000.0,4758000.0,1194010000.0,946648000.0,-20479000.0,926169000.0,5748422000.0,175800000.0,175800000.0,177500000.0
Harley-Davidson Inc,HOG,ZDNAWZWXIKMWI51R2A08,793952,2018.0,FY,2018-01-01,2018-12-31,2020-02-19 13:09:29+00:00,3.21,3.21,1.48,3.19,,155178000.0,531451000.0,531451000.0,,531451000.0,3544983000.0,5716875000.0,,3039000.0,106870000.0,93401000.0,1258098000.0,3544983000.0,2171892000.0,30884000.0,951000.0,1458369000.0,713523000.0,-26894000.0,686629000.0,5716875000.0,165600000.0,165600000.0,166600000.0
Harley-Davidson Inc,HOG,ZDNAWZWXIKMWI51R2A08,793952,2018.0,Q4,2018-10-01,2018-12-31,,0.03,0.03,0.37,0.03,,-4605000.0,495000.0,495000.0,,495000.0,740154000.0,1145862000.0,-72462000.0,1530000.0,106870000.0,19357000.0,348200000.0,667692000.0,478170000.0,7704000.0,-1679000.0,474427000.0,3743000.0,-7853000.0,-4110000.0,1145862000.0,165600000.0,165600000.0,166600000.0
Harley-Davidson Inc,HOG,ZDNAWZWXIKMWI51R2A08,793952,2018.0,Q3,2018-07-02,2018-09-30,2019-11-07 11:41:30+00:00,0.69,0.69,0.37,0.68,,27337000.0,113855000.0,113855000.0,,113855000.0,821226000.0,1315669000.0,23530000.0,644000.0,,14832000.0,306665000.0,844756000.0,470913000.0,7762000.0,-1106000.0,321497000.0,149416000.0,-8224000.0,141192000.0,1315669000.0,165000000.0,165000000.0,167400000.0
Harley-Davidson Inc,HOG,ZDNAWZWXIKMWI51R2A08,793952,2018.0,Q3YTD,2018-01-01,2018-09-30,,3.18,3.18,1.11,3.16,,159783000.0,530956000.0,530956000.0,,530956000.0,2804829000.0,4571013000.0,72462000.0,1509000.0,,74044000.0,909898000.0,2877291000.0,1693722000.0,23180000.0,2630000.0,983942000.0,709780000.0,-19041000.0,690739000.0,4571013000.0,165000000.0,165000000.0,167400000.0
Harley-Davidson Inc,HOG,ZDNAWZWXIKMWI51R2A08,793952,2018.0,Q3TTM,2017-09-25,2018-09-30,,3.27,3.27,1.48,3.25,,246296000.0,539270000.0,539270000.0,,539270000.0,3577602000.0,5799941000.0,105847000.0,3804000.0,,74044000.0,1233468000.0,3683449000.0,2116492000.0,30889000.0,3671000.0,1307512000.0,808980000.0,-23414000.0,785566000.0,5799941000.0,165000000.0,165000000.0,167400000.0
Harley-Davidson Inc,HOG,ZDNAWZWXIKMWI51R2A08,793952,2018.0,Q2,2018-04-02,2018-07-01,2019-08-08 10:49:15+00:00,1.45,1.45,0.37,1.45,,77059000.0,242338000.0,242338000.0,,242338000.0,1044979000.0,1713223000.0,18880000.0,645000.0,,12370000.0,313047000.0,1063859000.0,649364000.0,7728000.0,2533000.0,325417000.0,323947000.0,-4550000.0,319397000.0,1713223000.0,167100000.0,167100000.0,167100000.0
Harley-Davidson Inc,HOG,ZDNAWZWXIKMWI51R2A08,793952,2018.0,Q2YTD,2018-01-01,2018-07-01,,2.49,2.49,0.74,2.48,,132446000.0,417101000.0,417101000.0,,417101000.0,1983603000.0,3255344000.0,48932000.0,865000.0,,59212000.0,603233000.0,2032535000.0,1222809000.0,15418000.0,3736000.0,662445000.0,560364000.0,-10817000.0,549547000.0,3255344000.0,167100000.0,167100000.0,167100000.0
Harley-Davidson Inc,HOG,ZDNAWZWXIKMWI51R2A08,793952,2018.0,Q2TTM,2017-06-26,2018-07-01,,2.98,2.98,1.47,2.97,,240645000.0,493624000.0,493624000.0,,493624000.0,3490368000.0,5635467000.0,111570000.0,5456000.0,,59212000.0,1220341000.0,3601938000.0,2033529000.0,31023000.0,5860000.0,1279553000.0,753976000.0,-19707000.0,734269000.0,5635467000.0,167100000.0,167100000.0,167100000.0
Harley-Davidson Inc,HOG,ZDNAWZWXIKMWI51R2A08,793952,2018.0,Q1,2018-01-01,2018-04-01,2019-05-09 10:51:23+00:00,1.04,1.04,0.37,1.03,,55387000.0,174763000.0,174763000.0,,174763000.0,938624000.0,1542121000.0,30052000.0,220000.0,,46842000.0,290186000.0,968676000.0,573445000.0,7690000.0,1203000.0,337028000.0,236417000.0,-6267000.0,230150000.0,1542121000.0,168000000.0,168000000.0,169700000.0
Harley-Davidson Inc,HOG,ZDNAWZWXIKMWI51R2A08,793952,2018.0,Q1TTM,2017-03-27,2018-04-01,,3.01,3.01,1.47,3.0,,299152000.0,510153000.0,510153000.0,,510153000.0,3493970000.0,5687413000.0,118907000.0,7106000.0,,46842000.0,1198378000.0,3612877000.0,2074536000.0,31021000.0,3904000.0,1245220000.0,829316000.0,-20011000.0,809305000.0,5687413000.0,168000000.0,168000000.0,169700000.0
Harley-Davidson Inc,HOG,ZDNAWZWXIKMWI51R2A08,793952,2019.0,Q4,2019-09-30,2019-12-31,,0.12,0.12,0.38,0.1,,183000.0,13496000.0,13496000.0,,13496000.0,705507000.0,1072271000.0,-94621000.0,4657000.0,134536000.0,671000.0,313783000.0,610886000.0,461385000.0,7774000.0,4401000.0,448990000.0,12395000.0,1284000.0,13679000.0,1072271000.0,156900000.0,156900000.0,158100000.0
Harley-Davidson Inc,HOG,ZDNAWZWXIKMWI51R2A08,793952,2019.0,FY,2019-01-01,2019-12-31,2020-02-19 13:09:29+00:00,2.7,2.7,1.5,2.68,,133780000.0,423635000.0,423635000.0,,423635000.0,3440236000.0,5361789000.0,,16514000.0,134536000.0,32353000.0,1199056000.0,3440236000.0,1921553000.0,31078000.0,16371000.0,1365945000.0,555608000.0,1807000.0,557415000.0,5361789000.0,156900000.0,156900000.0,158100000.0
Harley-Davidson Inc,HOG,ZDNAWZWXIKMWI51R2A08,793952,2019.0,Q3,2019-07-01,2019-09-29,2019-11-07 11:41:30+00:00,0.55,0.55,0.375,0.55,,30693000.0,86563000.0,86563000.0,,86563000.0,802268000.0,1272519000.0,33747000.0,3160000.0,,7629000.0,309031000.0,836015000.0,436504000.0,7789000.0,2041000.0,316660000.0,119844000.0,-2588000.0,117256000.0,1272519000.0,157400000.0,157400000.0,157400000.0
Harley-Davidson Inc,HOG,ZDNAWZWXIKMWI51R2A08,793952,2019.0,Q3YTD,2019-01-01,2019-09-29,,2.58,2.58,1.13,2.58,,133597000.0,410139000.0,410139000.0,,410139000.0,2734729000.0,4289518000.0,94621000.0,11857000.0,,31682000.0,885273000.0,2829350000.0,1460168000.0,23304000.0,11970000.0,916955000.0,543213000.0,523000.0,543736000.0,4289518000.0,157400000.0,157400000.0,157400000.0
Harley-Davidson Inc,HOG,ZDNAWZWXIKMWI51R2A08,793952,2019.0,Q3TTM,2018-10-01,2019-09-29,,2.61,2.61,1.49,2.61,,128992000.0,410634000.0,410634000.0,,410634000.0,3474883000.0,5435380000.0,22159000.0,13387000.0,106870000.0,51039000.0,1233473000.0,3497042000.0,1938338000.0,31008000.0,10291000.0,1391382000.0,546956000.0,-7330000.0,539626000.0,5435380000.0,157400000.0,157400000.0,157400000.0
Harley-Davidson Inc,HOG,ZDNAWZWXIKMWI51R2A08,793952,2019.0,Q2,2019-04-01,2019-06-30,2019-08-08 10:49:15+00:00,1.23,1.23,0.375,1.23,,60450000.0,195631000.0,195631000.0,,195631000.0,1031939000.0,1632619000.0,26383000.0,4037000.0,,10423000.0,307617000.0,1058322000.0,574297000.0,7784000.0,3571000.0,318040000.0,256257000.0,-176000.0,256081000.0,1632619000.0,159000000.0,159000000.0,159000000.0
Harley-Davidson Inc,HOG,ZDNAWZWXIKMWI51R2A08,793952,2019.0,Q2YTD,2019-01-01,2019-06-30,,2.03,2.03,0.75,2.03,,102904000.0,323576000.0,323576000.0,,323576000.0,1932461000.0,3016999000.0,60874000.0,8697000.0,,24053000.0,576242000.0,1993335000.0,1023664000.0,15515000.0,9929000.0,600295000.0,423369000.0,3111000.0,426480000.0,3016999000.0,159000000.0,159000000.0,159000000.0
Harley-Davidson Inc,HOG,ZDNAWZWXIKMWI51R2A08,793952,2019.0,Q2TTM,2018-07-02,2019-06-30,,2.75,2.75,1.49,2.74,,125636000.0,437926000.0,437926000.0,,437926000.0,3493841000.0,5478530000.0,11942000.0,10871000.0,106870000.0,58242000.0,1231107000.0,3505783000.0,1972747000.0,30981000.0,7144000.0,1396219000.0,576528000.0,-12966000.0,563562000.0,5478530000.0,159000000.0,159000000.0,159000000.0
Harley-Davidson Inc,HOG,ZDNAWZWXIKMWI51R2A08,793952,2019.0,Q1,2019-01-01,2019-03-31,2020-05-07 15:38:42+00:00,0.8,0.8,0.375,0.8,,42454000.0,127945000.0,127945000.0,,127945000.0,900522000.0,1384380000.0,34491000.0,4660000.0,,13630000.0,268625000.0,935013000.0,449367000.0,7731000.0,6358000.0,282255000.0,167112000.0,3287000.0,170399000.0,1384380000.0,159900000.0,159900000.0,159900000.0
Harley-Davidson Inc,HOG,ZDNAWZWXIKMWI51R2A08,793952,2019.0,Q1TTM,2018-04-02,2019-03-31,,2.97,2.97,1.49,2.96,,142245000.0,484633000.0,484633000.0,,484633000.0,3506881000.0,5559134000.0,4439000.0,7479000.0,106870000.0,60189000.0,1236537000.0,3511320000.0,2047814000.0,30925000.0,6106000.0,1403596000.0,644218000.0,-17340000.0,626878000.0,5559134000.0,159900000.0,159900000.0,159900000.0
Harley-Davidson Inc,HOG,ZDNAWZWXIKMWI51R2A08,793952,2020.0,Q1TTM,2019-04-01,2020-03-29,,2.36,2.36,1.51,2.33,,116197000.0,365385000.0,365385000.0,,365385000.0,3373055000.0,5275653000.0,44928000.0,12009000.0,134536000.0,18723000.0,1208402000.0,3417983000.0,1857670000.0,31102000.0,4666000.0,1361661000.0,496009000.0,-14427000.0,481582000.0,5275653000.0,151500000.0,151500000.0,154900000.0
Harley-Davidson Inc,HOG,ZDNAWZWXIKMWI51R2A08,793952,2020.0,Q1,2020-01-01,2020-03-29,2020-05-07 15:38:42+00:00,0.46,0.46,0.38,0.45,,24871000.0,69695000.0,69695000.0,,69695000.0,833341000.0,1298244000.0,79419000.0,155000.0,,0.0,277971000.0,912760000.0,385484000.0,7755000.0,-5347000.0,277971000.0,107513000.0,-12947000.0,94566000.0,1298244000.0,151500000.0,151500000.0,154900000.0
