company_name,company_ticker,company_lei,company_cik,year,quarter,start_date,end_date,filing_date,basicdilutedeps,basiceps,cashdividendspershare,dilutedeps,incometaxexpense,netincome,netincomecontinuing,netincomediscontinued,netincometocommon,operatingcostofrevenue,operatingrevenue,otherincome,rdexpense,restructuringcharge,sgaexpense,totalcostofrevenue,totalgrossprofit,totalinterestexpense,totalinterestincome,totaloperatingexpenses,totaloperatingincome,totalotherincome,totalpretaxincome,totalrevenue,weightedavebasicdilutedsharesos,weightedavebasicsharesos,weightedavedilutedsharesos
Thermo Fisher Scientific Inc,TMO,HCHV7422L5HDJZCRFL38,97745,2007.0,FY,2007-01-01,2007-12-31,2010-02-26 15:15:58+00:00,1.77,1.77,,1.69,93700000.0,748400000.0,766900000.0,-18500000.0,748400000.0,5942000000.0,9746400000.0,-113800000.0,238700000.0,42200000.0,2549100000.0,5942000000.0,3804400000.0,,,2830000000.0,974400000.0,-113800000.0,860600000.0,9746400000.0,422800000.0,421500000.0,443600000.0
Thermo Fisher Scientific Inc,TMO,HCHV7422L5HDJZCRFL38,97745,2008.0,FY,2008-01-01,2008-12-31,2010-02-26 15:15:58+00:00,2.34,2.34,,2.25,152600000.0,980900000.0,975400000.0,5500000.0,980900000.0,6291800000.0,10498000000.0,-101400000.0,249100000.0,35400000.0,2692300000.0,6291800000.0,4206200000.0,,,2976800000.0,1229400000.0,-101400000.0,1128000000.0,10498000000.0,419200000.0,418200000.0,434700000.0
Thermo Fisher Scientific Inc,TMO,HCHV7422L5HDJZCRFL38,97745,2008.0,Q3,2008-06-29,2008-09-27,2009-10-30 10:26:23+00:00,520000.0,520000.0,,500000.0,43700000.0,218100000.0,214900000.0,3200000.0,218100000.0,1555300000.0,2588100000.0,-27700000.0,61800000.0,15400000.0,669300000.0,1555300000.0,1032800000.0,,,746500000.0,286300000.0,-27700000.0,258600000.0,2588100000.0,0.0,419000000.0,438300000.0
Thermo Fisher Scientific Inc,TMO,HCHV7422L5HDJZCRFL38,97745,2008.0,Q2,2008-03-30,2008-06-28,2009-07-31 10:08:12+00:00,0.59,0.59,,0.56,59200000.0,246100000.0,242900000.0,3200000.0,246100000.0,1621500000.0,2709600000.0,-28100000.0,64400000.0,-5400000.0,698900000.0,1621500000.0,1088100000.0,,,757900000.0,330200000.0,-28100000.0,302100000.0,2709600000.0,417100000.0,418000000.0,437100000.0
Thermo Fisher Scientific Inc,TMO,HCHV7422L5HDJZCRFL38,97745,2009.0,Q4,2009-09-27,2009-12-31,,-1.4,-1.4,,-1.37,-69200000.0,-577000000.0,-577000000.0,,-577000000.0,-4383900000.0,-7270300000.0,78400000.0,-176800000.0,-37000000.0,-1948000000.0,-4383900000.0,-2886400000.0,,,-2161800000.0,-724600000.0,78400000.0,-646200000.0,-7270300000.0,,,
Thermo Fisher Scientific Inc,TMO,HCHV7422L5HDJZCRFL38,97745,2009.0,Q3YTD,2009-01-01,2009-09-26,,1.4,1.4,,1.37,69200000.0,577000000.0,577000000.0,,577000000.0,4383900000.0,7270300000.0,-78400000.0,176800000.0,37000000.0,1948000000.0,4383900000.0,2886400000.0,,,2161800000.0,724600000.0,-78400000.0,646200000.0,7270300000.0,409600000.0,407900000.0,420200000.0
Thermo Fisher Scientific Inc,TMO,HCHV7422L5HDJZCRFL38,97745,2009.0,Q3,2009-06-28,2009-09-26,2010-11-05 13:21:55+00:00,0.54,0.54,,0.53,25700000.0,221200000.0,221200000.0,0.0,221200000.0,1519900000.0,2531100000.0,-28600000.0,60500000.0,13100000.0,662100000.0,1519900000.0,1011200000.0,,,735700000.0,275500000.0,-28600000.0,246900000.0,2531100000.0,409600000.0,407900000.0,420200000.0
Thermo Fisher Scientific Inc,TMO,HCHV7422L5HDJZCRFL38,97745,2009.0,Q2YTD,2009-01-01,2009-06-27,,0.86,0.86,,0.84,43500000.0,355800000.0,355800000.0,,355800000.0,2864000000.0,4739200000.0,-49800000.0,116300000.0,23900000.0,1285900000.0,2864000000.0,1875200000.0,,,1426100000.0,449100000.0,-49800000.0,399300000.0,4739200000.0,413800000.0,415300000.0,423700000.0
Thermo Fisher Scientific Inc,TMO,HCHV7422L5HDJZCRFL38,97745,2009.0,Q2,2009-03-29,2009-06-27,2010-08-04 12:53:48+00:00,0.5,0.5,,0.49,25200000.0,206900000.0,206900000.0,0.0,206900000.0,1495800000.0,2484100000.0,-26900000.0,58100000.0,10300000.0,660900000.0,1495800000.0,988300000.0,,,729300000.0,259000000.0,-26900000.0,232100000.0,2484100000.0,413800000.0,415300000.0,423700000.0
Thermo Fisher Scientific Inc,TMO,HCHV7422L5HDJZCRFL38,97745,2009.0,Q1,2009-01-01,2009-03-28,2010-05-06 15:53:29+00:00,0.36,0.36,,0.35,18300000.0,148900000.0,148900000.0,,148900000.0,1368200000.0,2255100000.0,-22900000.0,58200000.0,13600000.0,625000000.0,1368200000.0,886900000.0,,,696800000.0,190100000.0,-22900000.0,167200000.0,2255100000.0,413600000.0,417700000.0,425300000.0
Thermo Fisher Scientific Inc,TMO,HCHV7422L5HDJZCRFL38,97745,2010.0,Q4,2010-10-03,2010-12-31,,0.75,0.75,,0.74,5600000.0,297500000.0,274000000.0,23500000.0,297500000.0,1457100000.0,2541800000.0,-23300000.0,77200000.0,24300000.0,680300000.0,1457100000.0,1084700000.0,,,781800000.0,302900000.0,-23300000.0,279600000.0,2541800000.0,403000000.0,403300000.0,409400000.0
Thermo Fisher Scientific Inc,TMO,HCHV7422L5HDJZCRFL38,97745,2010.0,FY,2010-01-01,2010-12-31,2013-02-27 15:07:40+00:00,2.57,2.57,0.0,2.53,101600000.0,1035600000.0,986100000.0,49500000.0,1035600000.0,6131600000.0,10393100000.0,-100400000.0,284400000.0,60200000.0,2728800000.0,6131600000.0,4261500000.0,,,3073400000.0,1188100000.0,-100400000.0,1087700000.0,10393100000.0,403000000.0,403300000.0,409400000.0
Thermo Fisher Scientific Inc,TMO,HCHV7422L5HDJZCRFL38,97745,2010.0,Q3,2010-07-04,2010-10-02,2011-11-04 12:23:21+00:00,0.67,0.67,,0.66,28500000.0,268500000.0,258800000.0,9700000.0,268500000.0,1567200000.0,2628700000.0,-15400000.0,71500000.0,10300000.0,677000000.0,1567200000.0,1061500000.0,,,758800000.0,302700000.0,-15400000.0,287300000.0,2628700000.0,400700000.0,400700000.0,404500000.0
Thermo Fisher Scientific Inc,TMO,HCHV7422L5HDJZCRFL38,97745,2010.0,Q3YTD,2010-01-01,2010-10-02,,1.82,1.82,,1.79,96000000.0,738100000.0,712100000.0,26000000.0,738100000.0,4674500000.0,7851300000.0,-77100000.0,207200000.0,35900000.0,2048500000.0,4674500000.0,3176800000.0,,,2291600000.0,885200000.0,-77100000.0,808100000.0,7851300000.0,400700000.0,400700000.0,404500000.0
Thermo Fisher Scientific Inc,TMO,HCHV7422L5HDJZCRFL38,97745,2010.0,Q3TTM,2009-09-27,2010-10-02,,0.42,0.42,,0.42,26800000.0,161100000.0,135100000.0,26000000.0,161100000.0,290600000.0,581000000.0,1300000.0,30400000.0,-1100000.0,100500000.0,290600000.0,290400000.0,,,129800000.0,160600000.0,1300000.0,161900000.0,581000000.0,400700000.0,400700000.0,404500000.0
Thermo Fisher Scientific Inc,TMO,HCHV7422L5HDJZCRFL38,97745,2010.0,Q2,2010-04-04,2010-07-03,2011-08-05 12:51:28+00:00,0.58,0.58,,0.57,32400000.0,237300000.0,228700000.0,8600000.0,237300000.0,1546800000.0,2595700000.0,-36800000.0,69600000.0,8200000.0,673200000.0,1546800000.0,1048900000.0,,,751000000.0,297900000.0,-36800000.0,261100000.0,2595700000.0,409100000.0,409300000.0,415900000.0
Thermo Fisher Scientific Inc,TMO,HCHV7422L5HDJZCRFL38,97745,2010.0,Q2YTD,2010-01-01,2010-07-03,,1.15,1.15,,1.13,67500000.0,469600000.0,453300000.0,16300000.0,469600000.0,3107300000.0,5222600000.0,-61700000.0,135700000.0,25600000.0,1371500000.0,3107300000.0,2115300000.0,,,1532800000.0,582500000.0,-61700000.0,520800000.0,5222600000.0,409100000.0,409300000.0,415900000.0
Thermo Fisher Scientific Inc,TMO,HCHV7422L5HDJZCRFL38,97745,2010.0,Q2TTM,2009-06-28,2010-07-03,,0.29,0.29,,0.29,24000000.0,113800000.0,97500000.0,16300000.0,113800000.0,243300000.0,483400000.0,-11900000.0,19400000.0,1700000.0,85600000.0,243300000.0,240100000.0,,,106700000.0,133400000.0,-11900000.0,121500000.0,483400000.0,409100000.0,409300000.0,415900000.0
Thermo Fisher Scientific Inc,TMO,HCHV7422L5HDJZCRFL38,97745,2010.0,Q1,2010-01-01,2010-04-03,2011-05-06 14:30:18+00:00,0.57,0.57,,0.56,35100000.0,232300000.0,224600000.0,7700000.0,232300000.0,1560500000.0,2626900000.0,-24900000.0,66100000.0,17400000.0,698300000.0,1560500000.0,1066400000.0,,,781800000.0,284600000.0,-24900000.0,259700000.0,2626900000.0,407500000.0,409600000.0,418200000.0
Thermo Fisher Scientific Inc,TMO,HCHV7422L5HDJZCRFL38,97745,2010.0,Q1TTM,2009-03-29,2010-04-03,,0.21,0.21,,0.21,16800000.0,83400000.0,75700000.0,7700000.0,83400000.0,192300000.0,371800000.0,-2000000.0,7900000.0,3800000.0,73300000.0,192300000.0,179500000.0,,,85000000.0,94500000.0,-2000000.0,92500000.0,371800000.0,407500000.0,409600000.0,418200000.0
Thermo Fisher Scientific Inc,TMO,HCHV7422L5HDJZCRFL38,97745,2011.0,FY,2011-01-01,2011-12-31,2014-02-27 15:36:55+00:00,3.49,3.49,0.0,3.46,109400000.0,1329900000.0,1023400000.0,306500000.0,1329900000.0,6764800000.0,11558800000.0,-118000000.0,340200000.0,96500000.0,3106500000.0,6764800000.0,4794000000.0,,,3543200000.0,1250800000.0,-118000000.0,1132800000.0,11558800000.0,381100000.0,380800000.0,384800000.0
Thermo Fisher Scientific Inc,TMO,HCHV7422L5HDJZCRFL38,97745,2011.0,Q4,2011-10-02,2011-12-31,,0.77,0.77,,0.77,19800000.0,288900000.0,292800000.0,-3900000.0,288900000.0,1756700000.0,3050500000.0,-35600000.0,95400000.0,29800000.0,820400000.0,1756700000.0,1293800000.0,,,945600000.0,348200000.0,-35600000.0,312600000.0,3050500000.0,381100000.0,380800000.0,384800000.0
Thermo Fisher Scientific Inc,TMO,HCHV7422L5HDJZCRFL38,97745,2011.0,Q3,2011-07-03,2011-10-01,2012-11-02 12:02:21+00:00,0.7,0.7,0.0,0.69,100000.0,265400000.0,266300000.0,-900000.0,265400000.0,1714000000.0,2932900000.0,-49600000.0,86800000.0,11600000.0,804500000.0,1714000000.0,1218900000.0,,,902900000.0,316000000.0,-49600000.0,266400000.0,2932900000.0,379100000.0,379500000.0,382700000.0
Thermo Fisher Scientific Inc,TMO,HCHV7422L5HDJZCRFL38,97745,2011.0,Q3YTD,2011-01-01,2011-10-01,,2.72,2.72,,2.69,89600000.0,1041000000.0,730600000.0,310400000.0,1041000000.0,5008100000.0,8508300000.0,-82400000.0,244800000.0,66700000.0,2286100000.0,5008100000.0,3500200000.0,,,2597600000.0,902600000.0,-82400000.0,820200000.0,8508300000.0,379100000.0,379500000.0,382700000.0
Thermo Fisher Scientific Inc,TMO,HCHV7422L5HDJZCRFL38,97745,2011.0,Q3TTM,2010-10-03,2011-10-01,,3.47,3.47,,3.43,95200000.0,1338500000.0,1004600000.0,333900000.0,1338500000.0,6465200000.0,11050100000.0,-105700000.0,322000000.0,91000000.0,2966400000.0,6465200000.0,4584900000.0,,,3379400000.0,1205500000.0,-105700000.0,1099800000.0,11050100000.0,379100000.0,379500000.0,382700000.0
Thermo Fisher Scientific Inc,TMO,HCHV7422L5HDJZCRFL38,97745,2011.0,Q2,2011-04-03,2011-07-02,2012-08-03 12:02:10+00:00,1.37,1.37,0.0,1.36,37700000.0,523400000.0,217100000.0,306300000.0,523400000.0,1693000000.0,2854000000.0,-10300000.0,83200000.0,39800000.0,772900000.0,1693000000.0,1161000000.0,,,895900000.0,265100000.0,-10300000.0,254800000.0,2854000000.0,382000000.0,381900000.0,385900000.0
Thermo Fisher Scientific Inc,TMO,HCHV7422L5HDJZCRFL38,97745,2011.0,Q2YTD,2011-01-01,2011-07-02,,2.02,2.02,,2.0,89500000.0,775600000.0,464300000.0,311300000.0,775600000.0,3294100000.0,5575400000.0,-32800000.0,158000000.0,55100000.0,1481600000.0,3294100000.0,2281300000.0,,,1694700000.0,586600000.0,-32800000.0,553800000.0,5575400000.0,382000000.0,381900000.0,385900000.0
Thermo Fisher Scientific Inc,TMO,HCHV7422L5HDJZCRFL38,97745,2011.0,Q2TTM,2010-07-04,2011-07-02,,3.44,3.44,,3.4,123600000.0,1341600000.0,997100000.0,344500000.0,1341600000.0,6318400000.0,10745900000.0,-71500000.0,306700000.0,89700000.0,2838900000.0,6318400000.0,4427500000.0,,,3235300000.0,1192200000.0,-71500000.0,1120700000.0,10745900000.0,382000000.0,381900000.0,385900000.0
Thermo Fisher Scientific Inc,TMO,HCHV7422L5HDJZCRFL38,97745,2011.0,Q1,2011-01-01,2011-04-02,2012-05-04 15:55:33+00:00,0.65,0.65,0.0,0.64,51800000.0,252200000.0,247200000.0,5000000.0,252200000.0,1601100000.0,2721400000.0,-22500000.0,74800000.0,15300000.0,708700000.0,1601100000.0,1120300000.0,,,798800000.0,321500000.0,-22500000.0,299000000.0,2721400000.0,388000000.0,388600000.0,394600000.0
Thermo Fisher Scientific Inc,TMO,HCHV7422L5HDJZCRFL38,97745,2011.0,Q1TTM,2010-04-04,2011-04-02,,2.65,2.65,,2.61,118300000.0,1055500000.0,1008700000.0,46800000.0,1055500000.0,6172200000.0,10487600000.0,-98000000.0,293100000.0,58100000.0,2739200000.0,6172200000.0,4315400000.0,,,3090400000.0,1225000000.0,-98000000.0,1127000000.0,10487600000.0,388000000.0,388600000.0,394600000.0
Thermo Fisher Scientific Inc,TMO,HCHV7422L5HDJZCRFL38,97745,2012.0,FY,2012-01-01,2012-12-31,2014-02-27 15:36:55+00:00,3.24,3.24,0.54,3.21,11000000.0,1177900000.0,1258400000.0,-80500000.0,1177900000.0,7214400000.0,12509900000.0,-212700000.0,376400000.0,82100000.0,3354900000.0,7214400000.0,5295500000.0,,,3813400000.0,1482100000.0,-212700000.0,1269400000.0,12509900000.0,363500000.0,363800000.0,366600000.0
Thermo Fisher Scientific Inc,TMO,HCHV7422L5HDJZCRFL38,97745,2012.0,Q4,2012-09-30,2012-12-31,,1.04,1.04,0.15,1.04,-42300000.0,376400000.0,385800000.0,-9400000.0,376400000.0,1873200000.0,3259300000.0,-57100000.0,98500000.0,30400000.0,856600000.0,1873200000.0,1386100000.0,,,985500000.0,400600000.0,-57100000.0,343500000.0,3259300000.0,363500000.0,363800000.0,366600000.0
Thermo Fisher Scientific Inc,TMO,HCHV7422L5HDJZCRFL38,97745,2012.0,Q3,2012-07-01,2012-09-29,2013-11-01 11:17:16+00:00,0.8,0.8,0.13,0.79,-3000000.0,290400000.0,299400000.0,-9000000.0,290400000.0,1787300000.0,3085700000.0,-55800000.0,92000000.0,15200000.0,839000000.0,1787300000.0,1298400000.0,,,946200000.0,352200000.0,-55800000.0,296400000.0,3085700000.0,363000000.0,362600000.0,365400000.0
Thermo Fisher Scientific Inc,TMO,HCHV7422L5HDJZCRFL38,97745,2012.0,Q3YTD,2012-01-01,2012-09-29,,2.2,2.2,0.39,2.17,53300000.0,801500000.0,872600000.0,-71100000.0,801500000.0,5341200000.0,9250600000.0,-155600000.0,277900000.0,51700000.0,2498300000.0,5341200000.0,3909400000.0,,,2827900000.0,1081500000.0,-155600000.0,925900000.0,9250600000.0,363000000.0,362600000.0,365400000.0
Thermo Fisher Scientific Inc,TMO,HCHV7422L5HDJZCRFL38,97745,2012.0,Q3TTM,2011-10-02,2012-09-29,,2.97,2.97,0.39,2.94,73100000.0,1090400000.0,1165400000.0,-75000000.0,1090400000.0,7097900000.0,12301100000.0,-191200000.0,373300000.0,81500000.0,3318700000.0,7097900000.0,5203200000.0,,,3773500000.0,1429700000.0,-191200000.0,1238500000.0,12301100000.0,363000000.0,362600000.0,365400000.0
Thermo Fisher Scientific Inc,TMO,HCHV7422L5HDJZCRFL38,97745,2012.0,Q2,2012-04-01,2012-06-30,2013-08-02 13:52:30+00:00,0.64,0.64,0.13,0.63,26000000.0,233800000.0,292400000.0,-58600000.0,233800000.0,1786800000.0,3108100000.0,-49400000.0,94200000.0,24300000.0,835000000.0,1786800000.0,1321300000.0,,,953500000.0,367800000.0,-49400000.0,318400000.0,3108100000.0,365300000.0,367000000.0,369200000.0
Thermo Fisher Scientific Inc,TMO,HCHV7422L5HDJZCRFL38,97745,2012.0,Q2YTD,2012-01-01,2012-06-30,,1.4,1.4,0.26,1.38,56300000.0,511100000.0,573200000.0,-62100000.0,511100000.0,3553900000.0,6164900000.0,-99800000.0,185900000.0,36500000.0,1659300000.0,3553900000.0,2611000000.0,,,1881700000.0,729300000.0,-99800000.0,629500000.0,6164900000.0,365300000.0,367000000.0,369200000.0
Thermo Fisher Scientific Inc,TMO,HCHV7422L5HDJZCRFL38,97745,2012.0,Q2TTM,2011-07-03,2012-06-30,,2.87,2.87,0.26,2.84,76200000.0,1065400000.0,1132300000.0,-66900000.0,1065400000.0,7024600000.0,12148300000.0,-185000000.0,368100000.0,77900000.0,3284200000.0,7024600000.0,5123700000.0,,,3730200000.0,1393500000.0,-185000000.0,1208500000.0,12148300000.0,365300000.0,367000000.0,369200000.0
Thermo Fisher Scientific Inc,TMO,HCHV7422L5HDJZCRFL38,97745,2012.0,Q1,2012-01-01,2012-03-31,2013-05-03 11:46:33+00:00,0.76,0.76,0.13,0.75,30300000.0,277300000.0,280800000.0,-3500000.0,277300000.0,1767100000.0,3056800000.0,-50400000.0,91700000.0,12200000.0,824300000.0,1767100000.0,1289700000.0,,,928200000.0,361500000.0,-50400000.0,311100000.0,3056800000.0,364900000.0,367300000.0,370100000.0
Thermo Fisher Scientific Inc,TMO,HCHV7422L5HDJZCRFL38,97745,2012.0,Q1TTM,2011-04-03,2012-03-31,,3.6,3.6,0.13,3.57,87900000.0,1355000000.0,1057000000.0,298000000.0,1355000000.0,6930800000.0,11894200000.0,-145900000.0,357100000.0,93400000.0,3222100000.0,6930800000.0,4963400000.0,,,3672600000.0,1290800000.0,-145900000.0,1144900000.0,11894200000.0,364900000.0,367300000.0,370100000.0
Thermo Fisher Scientific Inc,TMO,HCHV7422L5HDJZCRFL38,97745,2013.0,FY,2013-01-01,2013-12-31,2014-02-27 15:36:55+00:00,3.53,3.53,0.6,3.48,40400000.0,1273300000.0,1279100000.0,-5800000.0,1273300000.0,7561200000.0,13090300000.0,-290100000.0,395500000.0,77700000.0,3446300000.0,7561200000.0,5529100000.0,,,3919500000.0,1609600000.0,-290100000.0,1319500000.0,13090300000.0,360700000.0,360300000.0,365800000.0
Thermo Fisher Scientific Inc,TMO,HCHV7422L5HDJZCRFL38,97745,2013.0,Q4,2013-09-29,2013-12-31,,0.94,0.94,0.15,0.93,34600000.0,342100000.0,343000000.0,-900000.0,342100000.0,1985200000.0,3466900000.0,-77400000.0,104700000.0,23300000.0,898700000.0,1985200000.0,1481700000.0,,,1026700000.0,455000000.0,-77400000.0,377600000.0,3466900000.0,360700000.0,360300000.0,365800000.0
Thermo Fisher Scientific Inc,TMO,HCHV7422L5HDJZCRFL38,97745,2013.0,Q3YTD,2013-01-01,2013-09-28,,2.59,2.59,0.45,2.55,5800000.0,931200000.0,936100000.0,-4900000.0,931200000.0,5576000000.0,9623400000.0,-212700000.0,290800000.0,54400000.0,2547600000.0,5576000000.0,4047400000.0,,,2892800000.0,1154600000.0,-212700000.0,941900000.0,9623400000.0,360900000.0,361200000.0,367300000.0
Thermo Fisher Scientific Inc,TMO,HCHV7422L5HDJZCRFL38,97745,2013.0,Q3TTM,2012-09-30,2013-09-28,,3.63,3.63,0.6,3.59,-36500000.0,1307600000.0,1321900000.0,-14300000.0,1307600000.0,7449200000.0,12882700000.0,-269800000.0,389300000.0,84800000.0,3404200000.0,7449200000.0,5433500000.0,,,3878300000.0,1555200000.0,-269800000.0,1285400000.0,12882700000.0,360900000.0,361200000.0,367300000.0
Thermo Fisher Scientific Inc,TMO,HCHV7422L5HDJZCRFL38,97745,2013.0,Q3,2013-06-30,2013-09-28,2014-10-31 15:02:28+00:00,0.88,0.88,0.15,0.86,1300000.0,317600000.0,317700000.0,-100000.0,317600000.0,1843900000.0,3191800000.0,-73100000.0,95900000.0,11400000.0,848500000.0,1843900000.0,1347900000.0,,,955800000.0,392100000.0,-73100000.0,319000000.0,3191800000.0,360900000.0,361200000.0,367300000.0
Thermo Fisher Scientific Inc,TMO,HCHV7422L5HDJZCRFL38,97745,2013.0,Q2YTD,2013-01-01,2013-06-29,,1.71,1.71,0.3,1.69,4500000.0,613600000.0,618400000.0,-4800000.0,613600000.0,3732100000.0,6431600000.0,-139600000.0,194900000.0,43000000.0,1699100000.0,3732100000.0,2699500000.0,,,1937000000.0,762500000.0,-139600000.0,622900000.0,6431600000.0,360300000.0,360000000.0,363500000.0
Thermo Fisher Scientific Inc,TMO,HCHV7422L5HDJZCRFL38,97745,2013.0,Q2TTM,2012-07-01,2013-06-29,,3.55,3.55,0.58,3.52,-40800000.0,1280400000.0,1303600000.0,-23200000.0,1280400000.0,7392600000.0,12776600000.0,-252500000.0,385400000.0,88600000.0,3394700000.0,7392600000.0,5384000000.0,,,3868700000.0,1515300000.0,-252500000.0,1262800000.0,12776600000.0,360300000.0,360000000.0,363500000.0
Thermo Fisher Scientific Inc,TMO,HCHV7422L5HDJZCRFL38,97745,2013.0,Q2,2013-03-31,2013-06-29,2014-08-01 11:33:45+00:00,0.77,0.77,0.15,0.76,2400000.0,277400000.0,277600000.0,-200000.0,277400000.0,1876900000.0,3240100000.0,-95400000.0,96700000.0,21500000.0,869600000.0,1876900000.0,1363200000.0,,,987800000.0,375400000.0,-95400000.0,280000000.0,3240100000.0,360300000.0,360000000.0,363500000.0
Thermo Fisher Scientific Inc,TMO,HCHV7422L5HDJZCRFL38,97745,2013.0,Q1TTM,2012-04-01,2013-03-30,,3.42,3.42,0.56,3.39,-17200000.0,1236800000.0,1318400000.0,-81600000.0,1236800000.0,7302500000.0,12644600000.0,-206500000.0,382900000.0,91400000.0,3360100000.0,7302500000.0,5342100000.0,,,3834400000.0,1507700000.0,-206500000.0,1301200000.0,12644600000.0,357700000.0,358100000.0,361700000.0
Thermo Fisher Scientific Inc,TMO,HCHV7422L5HDJZCRFL38,97745,2013.0,Q1,2013-01-01,2013-03-30,2014-05-02 14:05:19+00:00,0.94,0.94,0.15,0.93,2100000.0,336200000.0,340800000.0,-4600000.0,336200000.0,1855200000.0,3191500000.0,-44200000.0,98200000.0,21500000.0,829500000.0,1855200000.0,1336300000.0,,,949200000.0,387100000.0,-44200000.0,342900000.0,3191500000.0,357700000.0,358100000.0,361700000.0
Thermo Fisher Scientific Inc,TMO,HCHV7422L5HDJZCRFL38,97745,2014.0,FY,2014-01-01,2014-12-31,2017-02-28 15:22:18+00:00,4.76,4.76,0.6,4.71,191700000.0,1894400000.0,1895500000.0,-1100000.0,1894400000.0,9397600000.0,16889600000.0,-415800000.0,691100000.0,-598200000.0,4896100000.0,9397600000.0,7492000000.0,,,4989000000.0,2503000000.0,-415800000.0,2087200000.0,16889600000.0,398000000.0,398200000.0,402300000.0
Thermo Fisher Scientific Inc,TMO,HCHV7422L5HDJZCRFL38,97745,2014.0,Q4,2014-09-28,2014-12-31,,1.5,1.5,0.15,1.49,-66900000.0,601200000.0,604000000.0,-2800000.0,601200000.0,2400900000.0,4492800000.0,-102000000.0,182500000.0,33700000.0,1236600000.0,2400900000.0,2091900000.0,,,1452800000.0,639100000.0,-102000000.0,537100000.0,4492800000.0,398000000.0,398200000.0,402300000.0
Thermo Fisher Scientific Inc,TMO,HCHV7422L5HDJZCRFL38,97745,2014.0,Q3,2014-06-29,2014-09-27,2015-10-30 11:05:44+00:00,1.18,1.18,0.15,1.17,69300000.0,471600000.0,469900000.0,1700000.0,471600000.0,2237800000.0,4171400000.0,-101100000.0,175200000.0,-110600000.0,1228700000.0,2237800000.0,1933600000.0,,,1293300000.0,640300000.0,-101100000.0,539200000.0,4171400000.0,399700000.0,399900000.0,403700000.0
Thermo Fisher Scientific Inc,TMO,HCHV7422L5HDJZCRFL38,97745,2014.0,Q3YTD,2014-01-01,2014-09-27,,3.26,3.26,0.45,3.22,258600000.0,1293200000.0,1291500000.0,1700000.0,1293200000.0,6996700000.0,12396800000.0,-313800000.0,508600000.0,-631900000.0,3659500000.0,6996700000.0,5400100000.0,,,3536200000.0,1863900000.0,-313800000.0,1550100000.0,12396800000.0,399700000.0,399900000.0,403700000.0
Thermo Fisher Scientific Inc,TMO,HCHV7422L5HDJZCRFL38,97745,2014.0,Q3TTM,2013-09-29,2014-09-27,,4.2,4.2,0.6,4.15,293200000.0,1635300000.0,1634500000.0,800000.0,1635300000.0,8981900000.0,15863700000.0,-391200000.0,613300000.0,-608600000.0,4558200000.0,8981900000.0,6881800000.0,,,4562900000.0,2318900000.0,-391200000.0,1927700000.0,15863700000.0,399700000.0,399900000.0,403700000.0
Thermo Fisher Scientific Inc,TMO,HCHV7422L5HDJZCRFL38,97745,2014.0,Q2YTD,2014-01-01,2014-06-28,,2.08,2.08,0.3,2.05,189300000.0,821600000.0,821600000.0,,821600000.0,4758900000.0,8225400000.0,-212700000.0,333400000.0,-521300000.0,2430800000.0,4758900000.0,3466500000.0,,,2242900000.0,1223600000.0,-212700000.0,1010900000.0,8225400000.0,397900000.0,399400000.0,403100000.0
Thermo Fisher Scientific Inc,TMO,HCHV7422L5HDJZCRFL38,97745,2014.0,Q2TTM,2013-06-30,2014-06-28,,3.9,3.9,0.6,3.84,225200000.0,1481300000.0,1482300000.0,-1000000.0,1481300000.0,8588000000.0,14884100000.0,-363200000.0,534000000.0,-486600000.0,4178000000.0,8588000000.0,6296100000.0,,,4225400000.0,2070700000.0,-363200000.0,1707500000.0,14884100000.0,397900000.0,399400000.0,403100000.0
Thermo Fisher Scientific Inc,TMO,HCHV7422L5HDJZCRFL38,97745,2014.0,Q2,2014-03-30,2014-06-28,2015-07-31 14:13:50+00:00,0.7,0.7,0.15,0.69,-42000000.0,278500000.0,278500000.0,,278500000.0,2475400000.0,4321900000.0,-111600000.0,183700000.0,60900000.0,1253800000.0,2475400000.0,1846500000.0,,,1498400000.0,348100000.0,-111600000.0,236500000.0,4321900000.0,397900000.0,399400000.0,403100000.0
Thermo Fisher Scientific Inc,TMO,HCHV7422L5HDJZCRFL38,97745,2014.0,Q1,2014-01-01,2014-03-29,2015-05-01 11:52:26+00:00,1.38,1.38,0.15,1.36,231300000.0,543100000.0,543100000.0,,543100000.0,2283500000.0,3903500000.0,-101100000.0,149700000.0,-582200000.0,1177000000.0,2283500000.0,1620000000.0,,,744500000.0,875500000.0,-101100000.0,774400000.0,3903500000.0,393600000.0,393300000.0,398400000.0
Thermo Fisher Scientific Inc,TMO,HCHV7422L5HDJZCRFL38,97745,2014.0,Q1TTM,2013-03-31,2014-03-29,,3.97,3.97,0.6,3.91,269600000.0,1480200000.0,1481400000.0,-1200000.0,1480200000.0,7989500000.0,13802300000.0,-347000000.0,447000000.0,-526000000.0,3793800000.0,7989500000.0,5812800000.0,,,3714800000.0,2098000000.0,-347000000.0,1751000000.0,13802300000.0,393600000.0,393300000.0,398400000.0
Thermo Fisher Scientific Inc,TMO,HCHV7422L5HDJZCRFL38,97745,2015.0,FY,2015-01-01,2015-12-31,2018-02-28 09:19:05+00:00,4.96,4.96,0.6,4.92,-44000000.0,1975000000.0,1980000000.0,-5000000.0,1975000000.0,9209000000.0,16965000000.0,-400000000.0,692000000.0,116000000.0,4612000000.0,9209000000.0,7756000000.0,,,5420000000.0,2336000000.0,-400000000.0,1936000000.0,16965000000.0,398200000.0,399000000.0,402000000.0
Thermo Fisher Scientific Inc,TMO,HCHV7422L5HDJZCRFL38,97745,2015.0,Q4,2015-09-27,2015-12-31,,1.52,1.52,0.15,1.51,-23700000.0,602200000.0,606000000.0,-3800000.0,602200000.0,2543700000.0,4652100000.0,-107700000.0,180000000.0,48100000.0,1190300000.0,2543700000.0,2108400000.0,,,1418400000.0,690000000.0,-107700000.0,582300000.0,4652100000.0,398200000.0,399000000.0,402000000.0
Thermo Fisher Scientific Inc,TMO,HCHV7422L5HDJZCRFL38,97745,2015.0,Q3,2015-06-28,2015-09-26,2016-11-04 12:09:07+00:00,1.19,1.19,0.15,1.18,-9200000.0,476100000.0,477300000.0,-1200000.0,476100000.0,2239900000.0,4123200000.0,-94800000.0,171600000.0,15500000.0,1133300000.0,2239900000.0,1883300000.0,,,1320400000.0,562900000.0,-94800000.0,468100000.0,4123200000.0,400100000.0,399000000.0,402000000.0
Thermo Fisher Scientific Inc,TMO,HCHV7422L5HDJZCRFL38,97745,2015.0,Q3YTD,2015-01-01,2015-09-26,,3.44,3.44,0.45,3.41,-20300000.0,1372800000.0,1374000000.0,-1200000.0,1372800000.0,6665300000.0,12312900000.0,-292300000.0,512000000.0,67900000.0,3421700000.0,6665300000.0,5647600000.0,,,4001600000.0,1646000000.0,-292300000.0,1353700000.0,12312900000.0,400100000.0,399000000.0,402000000.0
Thermo Fisher Scientific Inc,TMO,HCHV7422L5HDJZCRFL38,97745,2015.0,Q3TTM,2014-09-28,2015-09-26,,4.94,4.94,0.6,4.9,-87200000.0,1974000000.0,1978000000.0,-4000000.0,1974000000.0,9066200000.0,16805700000.0,-394300000.0,694500000.0,101600000.0,4658300000.0,9066200000.0,7739500000.0,,,5454400000.0,2285100000.0,-394300000.0,1890800000.0,16805700000.0,400100000.0,399000000.0,402000000.0
Thermo Fisher Scientific Inc,TMO,HCHV7422L5HDJZCRFL38,97745,2015.0,Q2,2015-03-29,2015-06-27,2016-08-05 12:04:14+00:00,1.28,1.28,0.15,1.27,-8000000.0,511600000.0,511600000.0,0.0,511600000.0,2329100000.0,4270900000.0,-92200000.0,174600000.0,20400000.0,1151000000.0,2329100000.0,1941800000.0,,,1346000000.0,595800000.0,-92200000.0,503600000.0,4270900000.0,399700000.0,398400000.0,401500000.0
Thermo Fisher Scientific Inc,TMO,HCHV7422L5HDJZCRFL38,97745,2015.0,Q2YTD,2015-01-01,2015-06-27,,2.25,2.25,0.3,2.23,-11100000.0,896700000.0,896700000.0,,896700000.0,4425400000.0,8189700000.0,-197500000.0,340400000.0,52400000.0,2288400000.0,4425400000.0,3764300000.0,,,2681200000.0,1083100000.0,-197500000.0,885600000.0,8189700000.0,399700000.0,398400000.0,401500000.0
Thermo Fisher Scientific Inc,TMO,HCHV7422L5HDJZCRFL38,97745,2015.0,Q2TTM,2014-06-29,2015-06-27,,4.93,4.93,0.6,4.89,-8700000.0,1969500000.0,1970600000.0,-1100000.0,1969500000.0,9064100000.0,16853900000.0,-400600000.0,698100000.0,-24500000.0,4753700000.0,9064100000.0,7789800000.0,,,5427300000.0,2362500000.0,-400600000.0,1961900000.0,16853900000.0,399700000.0,398400000.0,401500000.0
Thermo Fisher Scientific Inc,TMO,HCHV7422L5HDJZCRFL38,97745,2015.0,Q1,2015-01-01,2015-03-28,2016-05-06 08:30:16+00:00,0.97,0.97,0.15,0.96,-3100000.0,385100000.0,385100000.0,0.0,385100000.0,2096300000.0,3918800000.0,-105300000.0,165800000.0,32000000.0,1137400000.0,2096300000.0,1822500000.0,,,1335200000.0,487300000.0,-105300000.0,382000000.0,3918800000.0,397000000.0,397800000.0,401400000.0
Thermo Fisher Scientific Inc,TMO,HCHV7422L5HDJZCRFL38,97745,2015.0,Q1TTM,2014-03-30,2015-03-28,,4.35,4.35,0.6,4.31,-42700000.0,1736400000.0,1737500000.0,-1100000.0,1736400000.0,9210400000.0,16904900000.0,-420000000.0,707200000.0,16000000.0,4856500000.0,9210400000.0,7694500000.0,,,5579700000.0,2114800000.0,-420000000.0,1694800000.0,16904900000.0,397000000.0,397800000.0,401400000.0
Thermo Fisher Scientific Inc,TMO,HCHV7422L5HDJZCRFL38,97745,2016.0,FY,2016-01-01,2016-12-31,2019-02-27 16:15:13+00:00,5.12,5.12,0.6,5.09,-1000000.0,2022000000.0,2025000000.0,-3000000.0,2022000000.0,9902000000.0,18274000000.0,-434000000.0,754000000.0,189000000.0,4971000000.0,9902000000.0,8372000000.0,,,5914000000.0,2458000000.0,-434000000.0,2024000000.0,18274000000.0,394900000.0,395000000.0,397000000.0
Thermo Fisher Scientific Inc,TMO,HCHV7422L5HDJZCRFL38,97745,2016.0,Q4,2016-10-02,2016-12-31,,1.59,1.59,-0.45,1.59,19600000.0,629700000.0,632400000.0,-2700000.0,629700000.0,2671400000.0,4953100000.0,-109400000.0,211800000.0,48100000.0,1260400000.0,2671400000.0,2281700000.0,,,1520300000.0,761400000.0,-109400000.0,652000000.0,4953100000.0,394900000.0,395000000.0,397000000.0
Thermo Fisher Scientific Inc,TMO,HCHV7422L5HDJZCRFL38,97745,2016.0,Q3,2016-07-03,2016-10-01,2017-11-03 13:48:50+00:00,1.2,1.2,0.15,1.19,-45600000.0,473500000.0,473500000.0,0.0,473500000.0,2437000000.0,4490900000.0,-113200000.0,183300000.0,54900000.0,1274600000.0,2437000000.0,2053900000.0,,,1512800000.0,541100000.0,-113200000.0,427900000.0,4490900000.0,394600000.0,394700000.0,397400000.0
Thermo Fisher Scientific Inc,TMO,HCHV7422L5HDJZCRFL38,97745,2016.0,Q3YTD,2016-01-01,2016-10-01,,3.53,3.53,0.45,3.5,-20600000.0,1392300000.0,1392600000.0,-300000.0,1392300000.0,7230600000.0,13320900000.0,-324600000.0,542200000.0,140900000.0,3710600000.0,7230600000.0,6090300000.0,,,4393700000.0,1696600000.0,-324600000.0,1372000000.0,13320900000.0,394600000.0,394700000.0,397400000.0
Thermo Fisher Scientific Inc,TMO,HCHV7422L5HDJZCRFL38,97745,2016.0,Q3TTM,2015-09-27,2016-10-01,,5.05,5.05,0.6,5.01,-44300000.0,1994500000.0,1998600000.0,-4100000.0,1994500000.0,9774300000.0,17973000000.0,-432300000.0,722200000.0,189000000.0,4900900000.0,9774300000.0,8198700000.0,,,5812100000.0,2386600000.0,-432300000.0,1954300000.0,17973000000.0,394600000.0,394700000.0,397400000.0
Thermo Fisher Scientific Inc,TMO,HCHV7422L5HDJZCRFL38,97745,2016.0,Q2,2016-04-03,2016-07-02,2017-08-04 08:44:28+00:00,1.31,1.31,0.15,1.3,4300000.0,516600000.0,516800000.0,-200000.0,516600000.0,2456700000.0,4535200000.0,-116500000.0,182400000.0,35400000.0,1223100000.0,2456700000.0,2078500000.0,,,1440900000.0,637600000.0,-116500000.0,521100000.0,4535200000.0,394400000.0,393900000.0,396700000.0
Thermo Fisher Scientific Inc,TMO,HCHV7422L5HDJZCRFL38,97745,2016.0,Q2YTD,2016-01-01,2016-07-02,,2.33,2.33,0.3,2.31,25000000.0,918800000.0,919100000.0,-300000.0,918800000.0,4793600000.0,8830000000.0,-211400000.0,358900000.0,86000000.0,2436000000.0,4793600000.0,4036400000.0,,,2880900000.0,1155500000.0,-211400000.0,944100000.0,8830000000.0,394400000.0,393900000.0,396700000.0
Thermo Fisher Scientific Inc,TMO,HCHV7422L5HDJZCRFL38,97745,2016.0,Q2TTM,2015-06-28,2016-07-02,,5.04,5.04,0.6,5.0,-7900000.0,1997100000.0,2002400000.0,-5300000.0,1997100000.0,9577200000.0,17605300000.0,-413900000.0,710500000.0,149600000.0,4759600000.0,9577200000.0,8028100000.0,,,5619700000.0,2408400000.0,-413900000.0,1994500000.0,17605300000.0,394400000.0,393900000.0,396700000.0
Thermo Fisher Scientific Inc,TMO,HCHV7422L5HDJZCRFL38,97745,2016.0,Q1,2016-01-01,2016-04-02,2017-05-05 09:43:40+00:00,1.02,1.02,0.15,1.01,20700000.0,402200000.0,402300000.0,-100000.0,402200000.0,2336900000.0,4294800000.0,-94900000.0,176500000.0,50600000.0,1212900000.0,2336900000.0,1957900000.0,,,1440000000.0,517900000.0,-94900000.0,423000000.0,4294800000.0,394300000.0,395800000.0,398700000.0
Thermo Fisher Scientific Inc,TMO,HCHV7422L5HDJZCRFL38,97745,2016.0,Q1TTM,2015-03-29,2016-04-02,,5.01,5.01,0.6,4.97,-20200000.0,1992100000.0,1997200000.0,-5100000.0,1992100000.0,9449600000.0,17341000000.0,-389600000.0,702700000.0,134600000.0,4687500000.0,9449600000.0,7891400000.0,,,5524800000.0,2366600000.0,-389600000.0,1977000000.0,17341000000.0,394300000.0,395800000.0,398700000.0
Thermo Fisher Scientific Inc,TMO,HCHV7422L5HDJZCRFL38,97745,2017.0,FY,2017-01-01,2017-12-31,2020-02-26 15:33:51+00:00,5.64,5.64,0.6,5.59,201000000.0,2225000000.0,2228000000.0,-3000000.0,2225000000.0,11470000000.0,20918000000.0,-20000000.0,887000000.0,97000000.0,5504000000.0,11470000000.0,9448000000.0,592000000.0,81000000.0,6488000000.0,2960000000.0,-531000000.0,2429000000.0,20918000000.0,394500000.0,395000000.0,398000000.0
Thermo Fisher Scientific Inc,TMO,HCHV7422L5HDJZCRFL38,97745,2017.0,Q4,2017-10-01,2017-12-31,,1.31,1.31,-0.3,1.29,290000000.0,528000000.0,530000000.0,-2000000.0,528000000.0,3376000000.0,6047000000.0,374000000.0,233000000.0,2000000.0,1479000000.0,3376000000.0,2671000000.0,592000000.0,81000000.0,1714000000.0,957000000.0,-137000000.0,820000000.0,6047000000.0,394500000.0,395000000.0,398000000.0
Thermo Fisher Scientific Inc,TMO,HCHV7422L5HDJZCRFL38,97745,2017.0,Q3,2017-07-02,2017-09-30,2018-11-02 11:45:35+00:00,1.35,1.35,,1.34,-54000000.0,534000000.0,534000000.0,0.0,534000000.0,2816000000.0,5116000000.0,-154000000.0,217000000.0,49000000.0,1400000000.0,2816000000.0,2300000000.0,,,1666000000.0,634000000.0,-154000000.0,480000000.0,5116000000.0,395600000.0,396000000.0,400000000.0
Thermo Fisher Scientific Inc,TMO,HCHV7422L5HDJZCRFL38,97745,2017.0,Q3YTD,2017-01-01,2017-09-30,,4.33,4.33,0.3,4.3,-89000000.0,1697000000.0,1698000000.0,-1000000.0,1697000000.0,8094000000.0,14871000000.0,-394000000.0,654000000.0,95000000.0,4025000000.0,8094000000.0,6777000000.0,,,4774000000.0,2003000000.0,-394000000.0,1609000000.0,14871000000.0,395600000.0,396000000.0,400000000.0
Thermo Fisher Scientific Inc,TMO,HCHV7422L5HDJZCRFL38,97745,2017.0,Q3TTM,2016-10-02,2017-09-30,,5.92,5.92,-0.15,5.89,-69400000.0,2326700000.0,2330400000.0,-3700000.0,2326700000.0,10765400000.0,19824100000.0,-503400000.0,865800000.0,143100000.0,5285400000.0,10765400000.0,9058700000.0,,,6294300000.0,2764400000.0,-503400000.0,2261000000.0,19824100000.0,395600000.0,396000000.0,400000000.0
Thermo Fisher Scientific Inc,TMO,HCHV7422L5HDJZCRFL38,97745,2017.0,Q2,2017-04-02,2017-07-01,2018-08-03 11:40:26+00:00,1.57,1.57,0.15,1.56,13000000.0,612000000.0,613000000.0,-1000000.0,612000000.0,2706000000.0,4990000000.0,-123000000.0,222000000.0,22000000.0,1291000000.0,2706000000.0,2284000000.0,,,1535000000.0,749000000.0,-123000000.0,626000000.0,4990000000.0,389800000.0,390000000.0,393000000.0
Thermo Fisher Scientific Inc,TMO,HCHV7422L5HDJZCRFL38,97745,2017.0,Q2YTD,2017-01-01,2017-07-01,,2.98,2.98,0.3,2.96,-35000000.0,1163000000.0,1164000000.0,-1000000.0,1163000000.0,5278000000.0,9755000000.0,-240000000.0,437000000.0,46000000.0,2625000000.0,5278000000.0,4477000000.0,,,3108000000.0,1369000000.0,-240000000.0,1129000000.0,9755000000.0,389800000.0,390000000.0,393000000.0
Thermo Fisher Scientific Inc,TMO,HCHV7422L5HDJZCRFL38,97745,2017.0,Q2TTM,2016-07-03,2017-07-01,,5.77,5.77,,5.74,-61000000.0,2266200000.0,2269900000.0,-3700000.0,2266200000.0,10386400000.0,19199000000.0,-462600000.0,832100000.0,149000000.0,5160000000.0,10386400000.0,8812600000.0,,,6141100000.0,2671500000.0,-462600000.0,2208900000.0,19199000000.0,389800000.0,390000000.0,393000000.0
Thermo Fisher Scientific Inc,TMO,HCHV7422L5HDJZCRFL38,97745,2017.0,Q1,2017-01-01,2017-04-01,2018-05-04 10:53:06+00:00,1.41,1.41,0.15,1.4,-48000000.0,551000000.0,551000000.0,,551000000.0,2572000000.0,4765000000.0,-117000000.0,215000000.0,24000000.0,1334000000.0,2572000000.0,2193000000.0,,,1573000000.0,620000000.0,-117000000.0,503000000.0,4765000000.0,390800000.0,391000000.0,394000000.0
Thermo Fisher Scientific Inc,TMO,HCHV7422L5HDJZCRFL38,97745,2017.0,Q1TTM,2016-04-03,2017-04-01,,5.51,5.51,,5.48,-69700000.0,2170800000.0,2173700000.0,-2900000.0,2170800000.0,10137100000.0,18744200000.0,-456100000.0,792500000.0,162400000.0,5092100000.0,10137100000.0,8607100000.0,,,6047000000.0,2560100000.0,-456100000.0,2104000000.0,18744200000.0,390800000.0,391000000.0,394000000.0
Thermo Fisher Scientific Inc,TMO,HCHV7422L5HDJZCRFL38,97745,2018.0,FY,2018-01-01,2018-12-31,2020-02-26 15:33:51+00:00,7.31,7.31,0.68,7.24,324000000.0,2938000000.0,2938000000.0,0.0,2938000000.0,13501000000.0,24358000000.0,9000000.0,967000000.0,50000000.0,6057000000.0,13501000000.0,10857000000.0,667000000.0,137000000.0,7074000000.0,3783000000.0,-521000000.0,3262000000.0,24358000000.0,401900000.0,402000000.0,406000000.0
Thermo Fisher Scientific Inc,TMO,HCHV7422L5HDJZCRFL38,97745,2018.0,Q4,2018-09-30,2018-12-31,,2.24,2.24,-0.34,2.21,114000000.0,898000000.0,898000000.0,,898000000.0,3583000000.0,6507000000.0,394000000.0,251000000.0,15000000.0,1510000000.0,3583000000.0,2924000000.0,667000000.0,137000000.0,1776000000.0,1148000000.0,-136000000.0,1012000000.0,6507000000.0,401900000.0,402000000.0,406000000.0
Thermo Fisher Scientific Inc,TMO,HCHV7422L5HDJZCRFL38,97745,2018.0,Q3,2018-07-01,2018-09-29,2019-11-01 10:56:26+00:00,1.76,1.76,0.17,1.75,101000000.0,709000000.0,709000000.0,,709000000.0,3305000000.0,5920000000.0,-102000000.0,240000000.0,-27000000.0,1490000000.0,3305000000.0,2615000000.0,,,1703000000.0,912000000.0,-102000000.0,810000000.0,5920000000.0,402800000.0,402000000.0,406000000.0
Thermo Fisher Scientific Inc,TMO,HCHV7422L5HDJZCRFL38,97745,2018.0,Q3YTD,2018-01-01,2018-09-29,,5.07,5.07,0.34,5.03,210000000.0,2040000000.0,2040000000.0,,2040000000.0,9918000000.0,17851000000.0,-385000000.0,716000000.0,35000000.0,4547000000.0,9918000000.0,7933000000.0,,,5298000000.0,2635000000.0,-385000000.0,2250000000.0,17851000000.0,402800000.0,402000000.0,406000000.0
Thermo Fisher Scientific Inc,TMO,HCHV7422L5HDJZCRFL38,97745,2018.0,Q3TTM,2017-10-01,2018-09-29,,6.38,6.38,0.04,6.32,500000000.0,2568000000.0,2570000000.0,-2000000.0,2568000000.0,13294000000.0,23898000000.0,-11000000.0,949000000.0,37000000.0,6026000000.0,13294000000.0,10604000000.0,592000000.0,81000000.0,7012000000.0,3592000000.0,-522000000.0,3070000000.0,23898000000.0,402800000.0,402000000.0,406000000.0
Thermo Fisher Scientific Inc,TMO,HCHV7422L5HDJZCRFL38,97745,2018.0,Q2,2018-04-01,2018-06-30,2019-08-02 11:53:27+00:00,1.87,1.87,0.17,1.85,54000000.0,752000000.0,752000000.0,,752000000.0,3340000000.0,6078000000.0,-131000000.0,242000000.0,17000000.0,1542000000.0,3340000000.0,2738000000.0,,,1801000000.0,937000000.0,-131000000.0,806000000.0,6078000000.0,402100000.0,403000000.0,406000000.0
Thermo Fisher Scientific Inc,TMO,HCHV7422L5HDJZCRFL38,97745,2018.0,Q2YTD,2018-01-01,2018-06-30,,3.31,3.31,0.17,3.28,109000000.0,1331000000.0,1331000000.0,,1331000000.0,6613000000.0,11931000000.0,-283000000.0,476000000.0,62000000.0,3057000000.0,6613000000.0,5318000000.0,,,3595000000.0,1723000000.0,-283000000.0,1440000000.0,11931000000.0,402100000.0,403000000.0,406000000.0
Thermo Fisher Scientific Inc,TMO,HCHV7422L5HDJZCRFL38,97745,2018.0,Q2TTM,2017-07-02,2018-06-30,,5.97,5.97,-0.13,5.91,345000000.0,2393000000.0,2395000000.0,-2000000.0,2393000000.0,12805000000.0,23094000000.0,-63000000.0,926000000.0,113000000.0,5936000000.0,12805000000.0,10289000000.0,592000000.0,81000000.0,6975000000.0,3314000000.0,-574000000.0,2740000000.0,23094000000.0,402100000.0,403000000.0,406000000.0
Thermo Fisher Scientific Inc,TMO,HCHV7422L5HDJZCRFL38,97745,2018.0,Q1,2018-01-01,2018-03-31,2019-05-03 11:28:31+00:00,1.44,1.44,0.17,1.43,55000000.0,579000000.0,579000000.0,,579000000.0,3273000000.0,5853000000.0,-152000000.0,234000000.0,45000000.0,1515000000.0,3273000000.0,2580000000.0,,,1794000000.0,786000000.0,-152000000.0,634000000.0,5853000000.0,402100000.0,402000000.0,406000000.0
Thermo Fisher Scientific Inc,TMO,HCHV7422L5HDJZCRFL38,97745,2018.0,Q1TTM,2017-04-02,2018-03-31,,5.67,5.67,-0.15,5.62,304000000.0,2253000000.0,2256000000.0,-3000000.0,2253000000.0,12171000000.0,22006000000.0,-55000000.0,906000000.0,118000000.0,5685000000.0,12171000000.0,9835000000.0,592000000.0,81000000.0,6709000000.0,3126000000.0,-566000000.0,2560000000.0,22006000000.0,402100000.0,402000000.0,406000000.0
Thermo Fisher Scientific Inc,TMO,HCHV7422L5HDJZCRFL38,97745,2019.0,Q4,2019-09-29,2019-12-31,,2.51,2.51,-0.38,2.5,36000000.0,1002000000.0,1002000000.0,,1002000000.0,3794000000.0,6829000000.0,136000000.0,262000000.0,29000000.0,1512000000.0,3794000000.0,3035000000.0,487000000.0,157000000.0,1803000000.0,1232000000.0,-194000000.0,1038000000.0,6829000000.0,400000000.0,400000000.0,403000000.0
Thermo Fisher Scientific Inc,TMO,HCHV7422L5HDJZCRFL38,97745,2019.0,FY,2019-01-01,2019-12-31,2020-02-26 15:33:51+00:00,9.24,9.24,0.76,9.17,374000000.0,3696000000.0,3696000000.0,0.0,3696000000.0,14214000000.0,25542000000.0,-72000000.0,1003000000.0,-413000000.0,6144000000.0,14214000000.0,11328000000.0,676000000.0,224000000.0,6734000000.0,4594000000.0,-524000000.0,4070000000.0,25542000000.0,400000000.0,400000000.0,403000000.0
Thermo Fisher Scientific Inc,TMO,HCHV7422L5HDJZCRFL38,97745,2019.0,Q3YTD,2019-01-01,2019-09-28,,6.73,6.73,0.38,6.67,338000000.0,2694000000.0,2694000000.0,,2694000000.0,10420000000.0,18713000000.0,-208000000.0,741000000.0,-442000000.0,4632000000.0,10420000000.0,8293000000.0,189000000.0,67000000.0,4931000000.0,3362000000.0,-330000000.0,3032000000.0,18713000000.0,402100000.0,401000000.0,404000000.0
Thermo Fisher Scientific Inc,TMO,HCHV7422L5HDJZCRFL38,97745,2019.0,Q3TTM,2018-09-30,2019-09-28,,8.97,8.97,0.04,8.88,452000000.0,3592000000.0,3592000000.0,,3592000000.0,14003000000.0,25220000000.0,186000000.0,992000000.0,-427000000.0,6142000000.0,14003000000.0,11217000000.0,856000000.0,204000000.0,6707000000.0,4510000000.0,-466000000.0,4044000000.0,25220000000.0,402100000.0,401000000.0,404000000.0
Thermo Fisher Scientific Inc,TMO,HCHV7422L5HDJZCRFL38,97745,2019.0,Q3,2019-06-30,2019-09-28,2019-11-01 10:56:26+00:00,1.89,1.89,0.19,1.88,62000000.0,760000000.0,760000000.0,,760000000.0,3509000000.0,6272000000.0,-124000000.0,247000000.0,31000000.0,1539000000.0,3509000000.0,2763000000.0,,,1817000000.0,946000000.0,-124000000.0,822000000.0,6272000000.0,402100000.0,401000000.0,404000000.0
Thermo Fisher Scientific Inc,TMO,HCHV7422L5HDJZCRFL38,97745,2019.0,Q2YTD,2019-01-01,2019-06-29,,4.84,4.84,0.19,4.79,276000000.0,1934000000.0,1934000000.0,,1934000000.0,6911000000.0,12441000000.0,-84000000.0,494000000.0,-473000000.0,3093000000.0,6911000000.0,5530000000.0,189000000.0,67000000.0,3114000000.0,2416000000.0,-206000000.0,2210000000.0,12441000000.0,399600000.0,400000000.0,403000000.0
Thermo Fisher Scientific Inc,TMO,HCHV7422L5HDJZCRFL38,97745,2019.0,Q2TTM,2018-07-01,2019-06-29,,8.84,8.84,0.02,8.75,491000000.0,3541000000.0,3541000000.0,,3541000000.0,13799000000.0,24868000000.0,208000000.0,985000000.0,-485000000.0,6093000000.0,13799000000.0,11069000000.0,856000000.0,204000000.0,6593000000.0,4476000000.0,-444000000.0,4032000000.0,24868000000.0,399600000.0,400000000.0,403000000.0
Thermo Fisher Scientific Inc,TMO,HCHV7422L5HDJZCRFL38,97745,2019.0,Q2,2019-03-31,2019-06-29,2019-08-02 11:53:27+00:00,2.8,2.8,0.19,2.77,274000000.0,1119000000.0,1119000000.0,,1119000000.0,3493000000.0,6316000000.0,-103000000.0,246000000.0,-484000000.0,1565000000.0,3493000000.0,2823000000.0,,,1327000000.0,1496000000.0,-103000000.0,1393000000.0,6316000000.0,399600000.0,400000000.0,403000000.0
Thermo Fisher Scientific Inc,TMO,HCHV7422L5HDJZCRFL38,97745,2019.0,Q1,2019-01-01,2019-03-30,2020-05-01 11:16:42+00:00,2.04,2.04,0.19,2.02,2000000.0,815000000.0,815000000.0,,815000000.0,3418000000.0,6125000000.0,19000000.0,248000000.0,11000000.0,1528000000.0,3418000000.0,2707000000.0,189000000.0,67000000.0,1787000000.0,920000000.0,-103000000.0,817000000.0,6125000000.0,399500000.0,400000000.0,403000000.0
Thermo Fisher Scientific Inc,TMO,HCHV7422L5HDJZCRFL38,97745,2019.0,Q1TTM,2018-04-01,2019-03-30,,7.91,7.91,,7.83,271000000.0,3174000000.0,3174000000.0,,3174000000.0,13646000000.0,24630000000.0,180000000.0,981000000.0,16000000.0,6070000000.0,13646000000.0,10984000000.0,856000000.0,204000000.0,7067000000.0,3917000000.0,-472000000.0,3445000000.0,24630000000.0,399500000.0,400000000.0,403000000.0
Thermo Fisher Scientific Inc,TMO,HCHV7422L5HDJZCRFL38,97745,2020.0,Q1TTM,2019-03-31,2020-03-28,,9.19,9.19,,9.12,412000000.0,3669000000.0,3669000000.0,,3669000000.0,14286000000.0,25647000000.0,-79000000.0,1000000000.0,-386000000.0,6167000000.0,14286000000.0,11361000000.0,613000000.0,193000000.0,6781000000.0,4580000000.0,-499000000.0,4081000000.0,25647000000.0,396000000.0,397000000.0,400000000.0
Thermo Fisher Scientific Inc,TMO,HCHV7422L5HDJZCRFL38,97745,2020.0,Q1,2020-01-01,2020-03-28,2020-05-01 11:16:42+00:00,1.99,1.99,0.22,1.97,40000000.0,788000000.0,788000000.0,,788000000.0,3490000000.0,6230000000.0,12000000.0,245000000.0,38000000.0,1551000000.0,3490000000.0,2740000000.0,126000000.0,36000000.0,1834000000.0,906000000.0,-78000000.0,828000000.0,6230000000.0,396000000.0,397000000.0,400000000.0
