company_name,company_ticker,company_lei,company_cik,year,quarter,start_date,end_date,filing_date,basicdilutedeps,basiceps,cashdividendspershare,depreciationexpense,dilutedeps,incometaxexpense,netincome,netincomecontinuing,netincometocommon,operatingcostofrevenue,operatingrevenue,otherincome,sgaexpense,totalcostofrevenue,totalgrossprofit,totalinterestexpense,totaloperatingexpenses,totaloperatingincome,totalotherincome,totalpretaxincome,totalrevenue,weightedavebasicdilutedsharesos,weightedavebasicsharesos,weightedavedilutedsharesos
Ametek Inc,AME,549300WZDEF9KKE40E98,1037868,2007.0,FY,2007-01-01,2007-12-31,2010-02-25 11:30:13+00:00,2.15,2.15,,42290000.0,2.12,108424000.0,228020000.0,228020000.0,228020000.0,1444514000.0,2136850000.0,-3264000.0,263472000.0,1444514000.0,692336000.0,46866000.0,305762000.0,386574000.0,-50130000.0,336444000.0,2136850000.0,106100000.0,105832000.0,107580000.0
Ametek Inc,AME,549300WZDEF9KKE40E98,1037868,2008.0,FY,2008-01-01,2008-12-31,2011-02-24 09:38:31+00:00,1.55,1.55,,45843000.0,1.53,119264000.0,246952000.0,246952000.0,246952000.0,1730086000.0,2531135000.0,-2786000.0,322552000.0,1730086000.0,801049000.0,63652000.0,368395000.0,432654000.0,-66438000.0,366216000.0,2531135000.0,159300000.0,159222000.0,161164000.0
Ametek Inc,AME,549300WZDEF9KKE40E98,1037868,2008.0,Q3,2008-07-01,2008-09-30,2009-11-05 12:59:30+00:00,0.67,0.67,0.06,11666000.0,0.66,32067000.0,70924000.0,70924000.0,70924000.0,437476000.0,647423000.0,-1540000.0,78216000.0,437476000.0,209947000.0,15534000.0,89882000.0,120065000.0,-17074000.0,102991000.0,647423000.0,105900000.0,106341000.0,107577000.0
Ametek Inc,AME,549300WZDEF9KKE40E98,1037868,2008.0,Q2,2008-04-01,2008-06-30,2009-08-05 17:22:42+00:00,0.62,0.62,0.06,11824000.0,0.61,32012000.0,65842000.0,65842000.0,65842000.0,437183000.0,648771000.0,-929000.0,85653000.0,437183000.0,211588000.0,15328000.0,97477000.0,114111000.0,-16257000.0,97854000.0,648771000.0,106200000.0,105950000.0,107476000.0
Ametek Inc,AME,549300WZDEF9KKE40E98,1037868,2009.0,FY,2009-01-01,2009-12-31,2012-02-23 14:47:42+00:00,1.28,1.28,,42209000.0,1.27,88863000.0,205770000.0,205770000.0,205770000.0,1435953000.0,2098355000.0,-2667000.0,254143000.0,1435953000.0,662402000.0,68750000.0,296352000.0,366050000.0,-71417000.0,294633000.0,2098355000.0,160800000.0,160182000.0,161775000.0
Ametek Inc,AME,549300WZDEF9KKE40E98,1037868,2009.0,Q4,2009-10-01,2009-12-31,,0.32,0.32,0.04,10495000.0,0.32,19694000.0,51884000.0,51884000.0,51884000.0,359074000.0,523500000.0,-941000.0,64738000.0,359074000.0,164426000.0,16674000.0,75233000.0,89193000.0,-17615000.0,71578000.0,523500000.0,160800000.0,160182000.0,161775000.0
Ametek Inc,AME,549300WZDEF9KKE40E98,1037868,2009.0,Q3YTD,2009-01-01,2009-09-30,,1.44,1.44,0.18,31714000.0,1.44,69169000.0,153886000.0,153886000.0,153886000.0,1076879000.0,1574855000.0,-1726000.0,189405000.0,1076879000.0,497976000.0,52076000.0,221119000.0,276857000.0,-53802000.0,223055000.0,1574855000.0,107500000.0,106862000.0,107748000.0
Ametek Inc,AME,549300WZDEF9KKE40E98,1037868,2009.0,Q3,2009-07-01,2009-09-30,2010-11-04 10:29:15+00:00,0.4,0.4,0.06,11069000.0,0.4,16375000.0,43018000.0,43018000.0,43018000.0,344658000.0,497060000.0,-702000.0,63858000.0,344658000.0,152402000.0,17380000.0,74927000.0,77475000.0,-18082000.0,59393000.0,497060000.0,107500000.0,106862000.0,107748000.0
Ametek Inc,AME,549300WZDEF9KKE40E98,1037868,2009.0,Q2YTD,2009-01-01,2009-06-30,,1.04,1.04,0.12,20645000.0,1.04,52794000.0,110868000.0,110868000.0,110868000.0,732221000.0,1077795000.0,-1024000.0,125547000.0,732221000.0,345574000.0,34696000.0,146192000.0,199382000.0,-35720000.0,163662000.0,1077795000.0,105700000.0,106708000.0,107955000.0
Ametek Inc,AME,549300WZDEF9KKE40E98,1037868,2009.0,Q2,2009-04-01,2009-06-30,2010-08-05 10:15:00+00:00,0.49,0.49,0.06,9154000.0,0.48,23225000.0,51813000.0,51813000.0,51813000.0,361578000.0,524929000.0,-1001000.0,61017000.0,361578000.0,163351000.0,17141000.0,70171000.0,93180000.0,-18142000.0,75038000.0,524929000.0,105700000.0,106708000.0,107955000.0
Ametek Inc,AME,549300WZDEF9KKE40E98,1037868,2009.0,Q1,2009-01-01,2009-03-31,2010-05-05 11:53:30+00:00,0.55,0.55,0.06,11491000.0,0.55,29569000.0,59055000.0,59055000.0,59055000.0,370643000.0,552866000.0,-23000.0,64530000.0,370643000.0,182223000.0,17555000.0,76021000.0,106202000.0,-17578000.0,88624000.0,552866000.0,107400000.0,106420000.0,107321000.0
Ametek Inc,AME,549300WZDEF9KKE40E98,1037868,2010.0,FY,2010-01-01,2010-12-31,2013-02-21 16:11:45+00:00,1.19,1.19,,45420000.0,1.18,122318000.0,283932000.0,283932000.0,283932000.0,1646892000.0,2470952000.0,-8386000.0,296482000.0,1646892000.0,824060000.0,67522000.0,341902000.0,482158000.0,-75908000.0,406250000.0,2470952000.0,238600000.0,238584000.0,241326000.0
Ametek Inc,AME,549300WZDEF9KKE40E98,1037868,2010.0,Q4,2010-10-01,2010-12-31,,0.34,0.34,0.04,12636000.0,0.34,33775000.0,81239000.0,81239000.0,81239000.0,446594000.0,677975000.0,-3529000.0,83221000.0,446594000.0,231381000.0,16981000.0,95857000.0,135524000.0,-20510000.0,115014000.0,677975000.0,238600000.0,238584000.0,241326000.0
Ametek Inc,AME,549300WZDEF9KKE40E98,1037868,2010.0,Q3YTD,2010-01-01,2010-09-30,,1.28,1.28,0.12,32784000.0,1.28,88543000.0,202693000.0,202693000.0,202693000.0,1200298000.0,1792977000.0,-4857000.0,213261000.0,1200298000.0,592679000.0,50541000.0,246045000.0,346634000.0,-55398000.0,291236000.0,1792977000.0,157900000.0,158645000.0,160723000.0
Ametek Inc,AME,549300WZDEF9KKE40E98,1037868,2010.0,Q3TTM,2009-10-01,2010-09-30,,1.6,1.6,0.16,43279000.0,1.6,108237000.0,254577000.0,254577000.0,254577000.0,1559372000.0,2316477000.0,-5798000.0,277999000.0,1559372000.0,757105000.0,67215000.0,321278000.0,435827000.0,-73013000.0,362814000.0,2316477000.0,157900000.0,158645000.0,160723000.0
Ametek Inc,AME,549300WZDEF9KKE40E98,1037868,2010.0,Q3,2010-07-01,2010-09-30,2011-11-03 13:44:53+00:00,0.49,0.49,0.04,10837000.0,0.48,31458000.0,77357000.0,77357000.0,77357000.0,429075000.0,644374000.0,-2721000.0,75869000.0,429075000.0,215299000.0,17057000.0,86706000.0,128593000.0,-19778000.0,108815000.0,644374000.0,157900000.0,158645000.0,160723000.0
Ametek Inc,AME,549300WZDEF9KKE40E98,1037868,2010.0,Q2YTD,2010-01-01,2010-06-30,,0.79,0.79,0.08,21947000.0,0.79,57085000.0,125336000.0,125336000.0,125336000.0,771223000.0,1148603000.0,-2136000.0,137392000.0,771223000.0,377380000.0,33484000.0,159339000.0,218041000.0,-35620000.0,182421000.0,1148603000.0,156700000.0,158501000.0,160003000.0
Ametek Inc,AME,549300WZDEF9KKE40E98,1037868,2010.0,Q2TTM,2009-07-01,2010-06-30,,1.39,1.39,0.16,43511000.0,1.39,93154000.0,220238000.0,220238000.0,220238000.0,1474955000.0,2169163000.0,-3779000.0,265988000.0,1474955000.0,694208000.0,67538000.0,309499000.0,384709000.0,-71317000.0,313392000.0,2169163000.0,156700000.0,158501000.0,160003000.0
Ametek Inc,AME,549300WZDEF9KKE40E98,1037868,2010.0,Q2,2010-04-01,2010-06-30,2011-08-04 08:56:15+00:00,0.43,0.43,0.04,10998000.0,0.42,29853000.0,67391000.0,67391000.0,67391000.0,395499000.0,591941000.0,-1621000.0,69849000.0,395499000.0,196442000.0,16730000.0,80847000.0,115595000.0,-18351000.0,97244000.0,591941000.0,156700000.0,158501000.0,160003000.0
Ametek Inc,AME,549300WZDEF9KKE40E98,1037868,2010.0,Q1TTM,2009-04-01,2010-03-31,,1.28,1.28,0.16,41667000.0,1.28,86526000.0,204660000.0,204660000.0,204660000.0,1441034000.0,2102151000.0,-3159000.0,257156000.0,1441034000.0,661117000.0,67949000.0,298823000.0,362294000.0,-71108000.0,291186000.0,2102151000.0,161000000.0,159928000.0,161355000.0
Ametek Inc,AME,549300WZDEF9KKE40E98,1037868,2010.0,Q1,2010-01-01,2010-03-31,2011-05-05 17:16:09+00:00,0.36,0.36,0.04,10949000.0,0.36,27232000.0,57945000.0,57945000.0,57945000.0,375724000.0,556662000.0,-515000.0,67543000.0,375724000.0,180938000.0,16754000.0,78492000.0,102446000.0,-17269000.0,85177000.0,556662000.0,161000000.0,159928000.0,161355000.0
Ametek Inc,AME,549300WZDEF9KKE40E98,1037868,2011.0,Q4,2011-10-01,2011-12-31,,0.42,0.42,0.04,13493000.0,0.42,45072000.0,101907000.0,101907000.0,101907000.0,489753000.0,762751000.0,-2417000.0,92125000.0,489753000.0,272998000.0,17984000.0,105618000.0,167380000.0,-20401000.0,146979000.0,762751000.0,240300000.0,240383000.0,243161000.0
Ametek Inc,AME,549300WZDEF9KKE40E98,1037868,2011.0,FY,2011-01-01,2011-12-31,2014-02-26 12:22:45+00:00,1.6,1.6,,48873000.0,1.58,172178000.0,384464000.0,384464000.0,384464000.0,1955779000.0,2989914000.0,-9570000.0,349321000.0,1955779000.0,1034135000.0,69729000.0,398194000.0,635941000.0,-79299000.0,556642000.0,2989914000.0,240300000.0,240383000.0,243161000.0
Ametek Inc,AME,549300WZDEF9KKE40E98,1037868,2011.0,Q3YTD,2011-01-01,2011-09-30,,1.17,1.17,0.12,35380000.0,1.17,127106000.0,282557000.0,282557000.0,282557000.0,1466026000.0,2227163000.0,-7153000.0,257196000.0,1466026000.0,761137000.0,51745000.0,292576000.0,468561000.0,-58898000.0,409663000.0,2227163000.0,239000000.0,241386000.0,243771000.0
Ametek Inc,AME,549300WZDEF9KKE40E98,1037868,2011.0,Q3TTM,2010-10-01,2011-09-30,,1.51,1.51,0.16,48016000.0,1.51,160881000.0,363796000.0,363796000.0,363796000.0,1912620000.0,2905138000.0,-10682000.0,340417000.0,1912620000.0,992518000.0,68726000.0,388433000.0,604085000.0,-79408000.0,524677000.0,2905138000.0,239000000.0,241386000.0,243771000.0
Ametek Inc,AME,549300WZDEF9KKE40E98,1037868,2011.0,Q3,2011-07-01,2011-09-30,2012-11-01 13:09:15+00:00,0.41,0.41,0.04,11675000.0,0.4,41065000.0,97978000.0,97978000.0,97978000.0,493266000.0,750546000.0,-3287000.0,86019000.0,493266000.0,257280000.0,17256000.0,97694000.0,159586000.0,-20543000.0,139043000.0,750546000.0,239000000.0,241386000.0,243771000.0
Ametek Inc,AME,549300WZDEF9KKE40E98,1037868,2011.0,Q2YTD,2011-01-01,2011-06-30,,0.77,0.77,0.08,23705000.0,0.77,86041000.0,184579000.0,184579000.0,184579000.0,972760000.0,1476617000.0,-3866000.0,171177000.0,972760000.0,503857000.0,34489000.0,194882000.0,308975000.0,-38355000.0,270620000.0,1476617000.0,241400000.0,240609000.0,243322000.0
Ametek Inc,AME,549300WZDEF9KKE40E98,1037868,2011.0,Q2TTM,2010-07-01,2011-06-30,,1.43,1.43,0.15,47178000.0,1.43,151274000.0,343175000.0,343175000.0,343175000.0,1848429000.0,2798966000.0,-10116000.0,330267000.0,1848429000.0,950537000.0,68527000.0,377445000.0,573092000.0,-78643000.0,494449000.0,2798966000.0,241400000.0,240609000.0,243322000.0
Ametek Inc,AME,549300WZDEF9KKE40E98,1037868,2011.0,Q2,2011-04-01,2011-06-30,2012-08-02 14:22:07+00:00,0.39,0.39,0.04,12238000.0,0.39,43091000.0,94144000.0,94144000.0,94144000.0,499956000.0,758834000.0,-2381000.0,89685000.0,499956000.0,258878000.0,17339000.0,101923000.0,156955000.0,-19720000.0,137235000.0,758834000.0,241400000.0,240609000.0,243322000.0
Ametek Inc,AME,549300WZDEF9KKE40E98,1037868,2011.0,Q1TTM,2010-04-01,2011-03-31,,1.98,1.98,0.2,45938000.0,1.98,138036000.0,316422000.0,316422000.0,316422000.0,1743972000.0,2632073000.0,-9356000.0,310431000.0,1743972000.0,888101000.0,67918000.0,356369000.0,531732000.0,-77274000.0,454458000.0,2632073000.0,158700000.0,159728000.0,162186000.0
Ametek Inc,AME,549300WZDEF9KKE40E98,1037868,2011.0,Q1,2011-01-01,2011-03-31,2012-05-03 11:58:32+00:00,0.57,0.57,0.06,11467000.0,0.56,42950000.0,90435000.0,90435000.0,90435000.0,472804000.0,717783000.0,-1485000.0,81492000.0,472804000.0,244979000.0,17150000.0,92959000.0,152020000.0,-18635000.0,133385000.0,717783000.0,158700000.0,159728000.0,162186000.0
Ametek Inc,AME,549300WZDEF9KKE40E98,1037868,2012.0,Q4,2012-10-01,2012-12-31,,0.5,0.5,0.06,13365000.0,0.5,50903000.0,119898000.0,119898000.0,119898000.0,544642000.0,841790000.0,-319000.0,93829000.0,544642000.0,297148000.0,18834000.0,107194000.0,189954000.0,-19153000.0,170801000.0,841790000.0,241600000.0,241512000.0,243986000.0
Ametek Inc,AME,549300WZDEF9KKE40E98,1037868,2012.0,FY,2012-01-01,2012-12-31,2015-02-24 14:51:16+00:00,1.9,1.9,,53677000.0,1.88,203343000.0,459132000.0,459132000.0,459132000.0,2154132000.0,3334213000.0,-7925000.0,380532000.0,2154132000.0,1180081000.0,75472000.0,434209000.0,745872000.0,-83397000.0,662475000.0,3334213000.0,241600000.0,241512000.0,243986000.0
Ametek Inc,AME,549300WZDEF9KKE40E98,1037868,2012.0,Q3YTD,2012-01-01,2012-09-30,,1.4,1.4,0.16,40312000.0,1.4,152440000.0,339234000.0,339234000.0,339234000.0,1609490000.0,2492423000.0,-7606000.0,286703000.0,1609490000.0,882933000.0,56638000.0,327015000.0,555918000.0,-64244000.0,491674000.0,2492423000.0,240400000.0,242138000.0,244229000.0
Ametek Inc,AME,549300WZDEF9KKE40E98,1037868,2012.0,Q3TTM,2011-10-01,2012-09-30,,1.82,1.82,0.2,53805000.0,1.82,197512000.0,441141000.0,441141000.0,441141000.0,2099243000.0,3255174000.0,-10023000.0,378828000.0,2099243000.0,1155931000.0,74622000.0,432633000.0,723298000.0,-84645000.0,638653000.0,3255174000.0,240400000.0,242138000.0,244229000.0
Ametek Inc,AME,549300WZDEF9KKE40E98,1037868,2012.0,Q3,2012-07-01,2012-09-30,2013-11-04 16:33:18+00:00,0.48,0.48,0.06,13734000.0,0.47,50291000.0,115397000.0,115397000.0,115397000.0,541454000.0,839373000.0,-3518000.0,96021000.0,541454000.0,297919000.0,18958000.0,109755000.0,188164000.0,-22476000.0,165688000.0,839373000.0,240400000.0,242138000.0,244229000.0
Ametek Inc,AME,549300WZDEF9KKE40E98,1037868,2012.0,Q2YTD,2012-01-01,2012-06-30,,0.93,0.93,0.1,26578000.0,0.93,102149000.0,223837000.0,223837000.0,223837000.0,1068036000.0,1653050000.0,-4088000.0,190682000.0,1068036000.0,585014000.0,37680000.0,217260000.0,367754000.0,-41768000.0,325986000.0,1653050000.0,241900000.0,241168000.0,243121000.0
Ametek Inc,AME,549300WZDEF9KKE40E98,1037868,2012.0,Q2TTM,2011-07-01,2012-06-30,,1.76,1.76,0.18,51746000.0,1.76,188286000.0,423722000.0,423722000.0,423722000.0,2051055000.0,3166347000.0,-9792000.0,368826000.0,2051055000.0,1115292000.0,72920000.0,420572000.0,694720000.0,-82712000.0,612008000.0,3166347000.0,241900000.0,241168000.0,243121000.0
Ametek Inc,AME,549300WZDEF9KKE40E98,1037868,2012.0,Q2,2012-04-01,2012-06-30,2013-08-07 11:41:51+00:00,0.47,0.47,0.06,13521000.0,0.47,50600000.0,113687000.0,113687000.0,113687000.0,531753000.0,825898000.0,-1848000.0,95646000.0,531753000.0,294145000.0,18843000.0,109167000.0,184978000.0,-20691000.0,164287000.0,825898000.0,241900000.0,241168000.0,243121000.0
Ametek Inc,AME,549300WZDEF9KKE40E98,1037868,2012.0,Q1TTM,2011-04-01,2012-03-31,,1.68,1.68,0.16,50463000.0,1.68,180777000.0,404179000.0,404179000.0,404179000.0,2019258000.0,3099283000.0,-10325000.0,362865000.0,2019258000.0,1080025000.0,71416000.0,413328000.0,666697000.0,-81741000.0,584956000.0,3099283000.0,239500000.0,240186000.0,243307000.0
Ametek Inc,AME,549300WZDEF9KKE40E98,1037868,2012.0,Q1,2012-01-01,2012-03-31,2013-05-02 13:36:19+00:00,0.46,0.46,0.04,13057000.0,0.45,51549000.0,110150000.0,110150000.0,110150000.0,536283000.0,827152000.0,-2240000.0,95036000.0,536283000.0,290869000.0,18837000.0,108093000.0,182776000.0,-21077000.0,161699000.0,827152000.0,239500000.0,240186000.0,243307000.0
Ametek Inc,AME,549300WZDEF9KKE40E98,1037868,2013.0,FY,2013-01-01,2013-12-31,2016-02-25 15:43:40+00:00,2.12,2.12,,57238000.0,2.1,207796000.0,516999000.0,516999000.0,516999000.0,2323642000.0,3594136000.0,-16712000.0,398177000.0,2323642000.0,1270494000.0,73572000.0,455415000.0,815079000.0,-90284000.0,724795000.0,3594136000.0,243900000.0,243915000.0,246065000.0
Ametek Inc,AME,549300WZDEF9KKE40E98,1037868,2013.0,Q4,2013-10-01,2013-12-31,,0.56,0.56,0.06,15390000.0,0.56,50795000.0,135668000.0,135668000.0,135668000.0,609845000.0,942468000.0,-5230000.0,106688000.0,609845000.0,332623000.0,18852000.0,122078000.0,210545000.0,-24082000.0,186463000.0,942468000.0,243900000.0,243915000.0,246065000.0
Ametek Inc,AME,549300WZDEF9KKE40E98,1037868,2013.0,Q3YTD,2013-01-01,2013-09-30,,1.56,1.56,0.18,41848000.0,1.56,157001000.0,381331000.0,381331000.0,381331000.0,1713797000.0,2651668000.0,-11482000.0,291489000.0,1713797000.0,937871000.0,54720000.0,333337000.0,604534000.0,-66202000.0,538332000.0,2651668000.0,245900000.0,244049000.0,245930000.0
Ametek Inc,AME,549300WZDEF9KKE40E98,1037868,2013.0,Q3TTM,2012-10-01,2013-09-30,,2.05,2.05,0.24,55213000.0,2.05,207904000.0,501229000.0,501229000.0,501229000.0,2258439000.0,3493458000.0,-11801000.0,385318000.0,2258439000.0,1235019000.0,73554000.0,440531000.0,794488000.0,-85355000.0,709133000.0,3493458000.0,245900000.0,244049000.0,245930000.0
Ametek Inc,AME,549300WZDEF9KKE40E98,1037868,2013.0,Q3,2013-07-01,2013-09-30,2014-11-06 11:39:28+00:00,0.52,0.52,0.06,14226000.0,0.52,52288000.0,127864000.0,127864000.0,127864000.0,572125000.0,890006000.0,-6291000.0,98969000.0,572125000.0,317881000.0,18243000.0,113195000.0,204686000.0,-24534000.0,180152000.0,890006000.0,245900000.0,244049000.0,245930000.0
Ametek Inc,AME,549300WZDEF9KKE40E98,1037868,2013.0,Q2YTD,2013-01-01,2013-06-30,,1.04,1.04,0.12,27622000.0,1.04,104713000.0,253467000.0,253467000.0,253467000.0,1141672000.0,1761662000.0,-5191000.0,192520000.0,1141672000.0,619990000.0,36477000.0,220142000.0,399848000.0,-41668000.0,358180000.0,1761662000.0,242100000.0,243666000.0,246104000.0
Ametek Inc,AME,549300WZDEF9KKE40E98,1037868,2013.0,Q2TTM,2012-07-01,2013-06-30,,2.01,2.01,0.24,54721000.0,2.01,205907000.0,488762000.0,488762000.0,488762000.0,2227768000.0,3442825000.0,-9028000.0,382370000.0,2227768000.0,1215057000.0,74269000.0,437091000.0,777966000.0,-83297000.0,694669000.0,3442825000.0,242100000.0,243666000.0,246104000.0
Ametek Inc,AME,549300WZDEF9KKE40E98,1037868,2013.0,Q2,2013-04-01,2013-06-30,2014-08-06 13:50:30+00:00,0.53,0.53,0.06,13686000.0,0.52,53471000.0,128321000.0,128321000.0,128321000.0,567598000.0,878809000.0,-2667000.0,94912000.0,567598000.0,311211000.0,18154000.0,108598000.0,202613000.0,-20821000.0,181792000.0,878809000.0,242100000.0,243666000.0,246104000.0
Ametek Inc,AME,549300WZDEF9KKE40E98,1037868,2013.0,Q1TTM,2012-04-01,2013-03-31,,1.95,1.95,0.24,54556000.0,1.95,203036000.0,474128000.0,474128000.0,474128000.0,2191923000.0,3389914000.0,-8209000.0,383104000.0,2191923000.0,1197991000.0,74958000.0,437660000.0,760331000.0,-83167000.0,677164000.0,3389914000.0,245400000.0,243285000.0,245411000.0
Ametek Inc,AME,549300WZDEF9KKE40E98,1037868,2013.0,Q1,2013-01-01,2013-03-31,2014-05-06 16:05:23+00:00,0.51,0.51,0.06,13936000.0,0.51,51242000.0,125146000.0,125146000.0,125146000.0,574074000.0,882853000.0,-2524000.0,97608000.0,574074000.0,308779000.0,18323000.0,111544000.0,197235000.0,-20847000.0,176388000.0,882853000.0,245400000.0,243285000.0,245411000.0
Ametek Inc,AME,549300WZDEF9KKE40E98,1037868,2014.0,FY,2014-01-01,2014-12-31,2017-02-23 12:58:23+00:00,2.39,2.39,,,2.37,220372000.0,584460000.0,584460000.0,584460000.0,2660741000.0,4021964000.0,-13826000.0,462637000.0,2660741000.0,1361223000.0,79928000.0,462637000.0,898586000.0,-93754000.0,804832000.0,4021964000.0,244500000.0,244885000.0,247102000.0
Ametek Inc,AME,549300WZDEF9KKE40E98,1037868,2014.0,Q4,2014-10-01,2014-12-31,,0.63,0.63,-0.24,-47619000.0,0.62,55534000.0,152000000.0,152000000.0,152000000.0,727187000.0,1024143000.0,3016000.0,117491000.0,727187000.0,296956000.0,22566000.0,69872000.0,227084000.0,-19550000.0,207534000.0,1024143000.0,244500000.0,244885000.0,247102000.0
Ametek Inc,AME,549300WZDEF9KKE40E98,1037868,2014.0,Q3,2014-07-01,2014-09-30,2015-11-05 14:32:36+00:00,0.58,0.58,0.09,16724000.0,0.57,48150000.0,141811000.0,141811000.0,141811000.0,677739000.0,1031811000.0,-8639000.0,119205000.0,677739000.0,354072000.0,19543000.0,135929000.0,218143000.0,-28182000.0,189961000.0,1031811000.0,244500000.0,245439000.0,247643000.0
Ametek Inc,AME,549300WZDEF9KKE40E98,1037868,2014.0,Q3YTD,2014-01-01,2014-09-30,,1.76,1.76,0.24,47619000.0,1.76,164838000.0,432460000.0,432460000.0,432460000.0,1933554000.0,2997821000.0,-16842000.0,345146000.0,1933554000.0,1064267000.0,57362000.0,392765000.0,671502000.0,-74204000.0,597298000.0,2997821000.0,244500000.0,245439000.0,247643000.0
Ametek Inc,AME,549300WZDEF9KKE40E98,1037868,2014.0,Q3TTM,2013-10-01,2014-09-30,,2.31,2.31,0.3,63009000.0,2.31,215633000.0,568128000.0,568128000.0,568128000.0,2543399000.0,3940289000.0,-22072000.0,451834000.0,2543399000.0,1396890000.0,76214000.0,514843000.0,882047000.0,-98286000.0,783761000.0,3940289000.0,244500000.0,245439000.0,247643000.0
Ametek Inc,AME,549300WZDEF9KKE40E98,1037868,2014.0,Q2YTD,2014-01-01,2014-06-30,,1.19,1.19,0.15,30895000.0,1.19,116688000.0,290649000.0,290649000.0,290649000.0,1255815000.0,1966010000.0,-8203000.0,225941000.0,1255815000.0,710195000.0,37819000.0,256836000.0,453359000.0,-46022000.0,407337000.0,1966010000.0,246000000.0,245201000.0,247403000.0
Ametek Inc,AME,549300WZDEF9KKE40E98,1037868,2014.0,Q2TTM,2013-07-01,2014-06-30,,2.26,2.26,0.27,60511000.0,2.26,219771000.0,554181000.0,554181000.0,554181000.0,2437785000.0,3798484000.0,-19724000.0,431598000.0,2437785000.0,1360699000.0,74914000.0,492109000.0,868590000.0,-94638000.0,773952000.0,3798484000.0,246000000.0,245201000.0,247403000.0
Ametek Inc,AME,549300WZDEF9KKE40E98,1037868,2014.0,Q2,2014-04-01,2014-06-30,2015-08-05 15:45:20+00:00,0.61,0.61,0.09,15029000.0,0.61,58358000.0,150063000.0,150063000.0,150063000.0,630645000.0,990718000.0,-4326000.0,113316000.0,630645000.0,360073000.0,18981000.0,128345000.0,231728000.0,-23307000.0,208421000.0,990718000.0,246000000.0,245201000.0,247403000.0
Ametek Inc,AME,549300WZDEF9KKE40E98,1037868,2014.0,Q1TTM,2013-04-01,2014-03-31,,2.17,2.17,0.24,59168000.0,2.17,214884000.0,532439000.0,532439000.0,532439000.0,2374738000.0,3686575000.0,-18065000.0,413194000.0,2374738000.0,1311837000.0,74087000.0,472362000.0,839475000.0,-92152000.0,747323000.0,3686575000.0,246600000.0,244911000.0,247229000.0
Ametek Inc,AME,549300WZDEF9KKE40E98,1037868,2014.0,Q1,2014-01-01,2014-03-31,2015-05-01 13:47:17+00:00,0.57,0.57,0.06,15866000.0,0.57,58330000.0,140586000.0,140586000.0,140586000.0,625170000.0,975292000.0,-3877000.0,112625000.0,625170000.0,350122000.0,18838000.0,128491000.0,221631000.0,-22715000.0,198916000.0,975292000.0,246600000.0,244911000.0,247229000.0
Ametek Inc,AME,549300WZDEF9KKE40E98,1037868,2015.0,FY,2015-01-01,2015-12-31,2018-02-22 12:58:25+00:00,2.46,2.46,,,2.45,215521000.0,590859000.0,590859000.0,590859000.0,2617987000.0,3974295000.0,-9541000.0,448592000.0,2617987000.0,1356308000.0,91795000.0,448592000.0,907716000.0,-101336000.0,806380000.0,3974295000.0,240200000.0,239906000.0,241586000.0
Ametek Inc,AME,549300WZDEF9KKE40E98,1037868,2015.0,Q4,2015-10-01,2015-12-31,,0.58,0.58,-0.27,-50044000.0,0.57,45999000.0,136841000.0,136841000.0,136841000.0,716307000.0,987983000.0,-3243000.0,112890000.0,716307000.0,271676000.0,22747000.0,62846000.0,208830000.0,-25990000.0,182840000.0,987983000.0,240200000.0,239906000.0,241586000.0
Ametek Inc,AME,549300WZDEF9KKE40E98,1037868,2015.0,Q3,2015-07-01,2015-09-30,2016-11-03 15:47:55+00:00,0.65,0.65,0.09,17006000.0,0.65,55208000.0,156398000.0,156398000.0,156398000.0,631790000.0,998527000.0,-2325000.0,112116000.0,631790000.0,366737000.0,23684000.0,129122000.0,237615000.0,-26009000.0,211606000.0,998527000.0,240600000.0,239959000.0,241238000.0
Ametek Inc,AME,549300WZDEF9KKE40E98,1037868,2015.0,Q3YTD,2015-01-01,2015-09-30,,1.88,1.88,0.27,50044000.0,1.88,169522000.0,454018000.0,454018000.0,454018000.0,1901680000.0,2986312000.0,-6298000.0,335702000.0,1901680000.0,1084632000.0,69048000.0,385746000.0,698886000.0,-75346000.0,623540000.0,2986312000.0,240600000.0,239959000.0,241238000.0
Ametek Inc,AME,549300WZDEF9KKE40E98,1037868,2015.0,Q3TTM,2014-10-01,2015-09-30,,2.51,2.51,0.03,2425000.0,2.5,225056000.0,606018000.0,606018000.0,606018000.0,2628867000.0,4010455000.0,-3282000.0,453193000.0,2628867000.0,1381588000.0,91614000.0,455618000.0,925970000.0,-94896000.0,831074000.0,4010455000.0,240600000.0,239959000.0,241238000.0
Ametek Inc,AME,549300WZDEF9KKE40E98,1037868,2015.0,Q2,2015-04-01,2015-06-30,2016-08-04 16:12:02+00:00,0.64,0.64,0.09,16780000.0,0.64,59635000.0,155513000.0,155513000.0,155513000.0,633925000.0,1003726000.0,-2493000.0,112702000.0,633925000.0,369801000.0,22678000.0,129482000.0,240319000.0,-25171000.0,215148000.0,1003726000.0,243000000.0,241498000.0,243621000.0
Ametek Inc,AME,549300WZDEF9KKE40E98,1037868,2015.0,Q2YTD,2015-01-01,2015-06-30,,1.23,1.23,0.18,33038000.0,1.23,114314000.0,297620000.0,297620000.0,297620000.0,1269890000.0,1987785000.0,-3973000.0,223586000.0,1269890000.0,717895000.0,45364000.0,256624000.0,461271000.0,-49337000.0,411934000.0,1987785000.0,243000000.0,241498000.0,243621000.0
Ametek Inc,AME,549300WZDEF9KKE40E98,1037868,2015.0,Q2TTM,2014-07-01,2015-06-30,,2.45,2.45,0.36,2143000.0,2.45,217998000.0,591431000.0,591431000.0,591431000.0,2674816000.0,4043739000.0,-9596000.0,460282000.0,2674816000.0,1368923000.0,87473000.0,462425000.0,906498000.0,-97069000.0,809429000.0,4043739000.0,243000000.0,241498000.0,243621000.0
Ametek Inc,AME,549300WZDEF9KKE40E98,1037868,2015.0,Q1,2015-01-01,2015-03-31,2016-05-04 15:37:56+00:00,0.59,0.59,0.09,16258000.0,0.59,54679000.0,142107000.0,142107000.0,142107000.0,635965000.0,984059000.0,-1480000.0,110884000.0,635965000.0,348094000.0,22686000.0,127142000.0,220952000.0,-24166000.0,196786000.0,984059000.0,240900000.0,240947000.0,242797000.0
Ametek Inc,AME,549300WZDEF9KKE40E98,1037868,2015.0,Q1TTM,2014-04-01,2015-03-31,,2.43,2.43,0.36,392000.0,2.43,216721000.0,585981000.0,585981000.0,585981000.0,2671536000.0,4030731000.0,-11429000.0,460896000.0,2671536000.0,1359195000.0,83776000.0,461288000.0,897907000.0,-95205000.0,802702000.0,4030731000.0,240900000.0,240947000.0,242797000.0
Ametek Inc,AME,549300WZDEF9KKE40E98,1037868,2016.0,FY,2016-01-01,2016-12-31,2019-02-21 15:22:45+00:00,2.2,2.2,,,2.19,180945000.0,512158000.0,512158000.0,512158000.0,2585499000.0,3840087000.0,-3572000.0,463609000.0,2585499000.0,1254588000.0,94304000.0,463609000.0,790979000.0,-97876000.0,693103000.0,3840087000.0,232800000.0,232593000.0,233730000.0
Ametek Inc,AME,549300WZDEF9KKE40E98,1037868,2016.0,Q4,2016-10-01,2016-12-31,,0.48,0.48,-0.27,,0.47,36144000.0,109108000.0,109108000.0,109108000.0,691363000.0,972953000.0,6536000.0,119286000.0,691363000.0,281590000.0,23588000.0,119286000.0,162304000.0,-17052000.0,145252000.0,972953000.0,232800000.0,232593000.0,233730000.0
Ametek Inc,AME,549300WZDEF9KKE40E98,1037868,2016.0,Q3,2016-07-01,2016-09-30,2017-11-02 15:10:48+00:00,0.56,0.56,0.09,,0.56,43561000.0,130687000.0,130687000.0,130687000.0,630744000.0,945030000.0,-3259000.0,113170000.0,630744000.0,314286000.0,23609000.0,113170000.0,201116000.0,-26868000.0,174248000.0,945030000.0,233400000.0,231894000.0,232721000.0
Ametek Inc,AME,549300WZDEF9KKE40E98,1037868,2016.0,Q3YTD,2016-01-01,2016-09-30,,1.72,1.72,0.27,,1.72,144801000.0,403050000.0,403050000.0,403050000.0,1894136000.0,2867134000.0,-10108000.0,344323000.0,1894136000.0,972998000.0,70716000.0,344323000.0,628675000.0,-80824000.0,547851000.0,2867134000.0,233400000.0,231894000.0,232721000.0
Ametek Inc,AME,549300WZDEF9KKE40E98,1037868,2016.0,Q3TTM,2015-10-01,2016-09-30,,2.3,2.3,,-50044000.0,2.29,190800000.0,539891000.0,539891000.0,539891000.0,2610443000.0,3855117000.0,-13351000.0,457213000.0,2610443000.0,1244674000.0,93463000.0,407169000.0,837505000.0,-106814000.0,730691000.0,3855117000.0,233400000.0,231894000.0,232721000.0
Ametek Inc,AME,549300WZDEF9KKE40E98,1037868,2016.0,Q2,2016-04-01,2016-06-30,2017-08-02 14:11:52+00:00,0.59,0.59,0.09,,0.59,52368000.0,138193000.0,138193000.0,138193000.0,639711000.0,977706000.0,-4769000.0,118959000.0,639711000.0,337995000.0,23706000.0,118959000.0,219036000.0,-28475000.0,190561000.0,977706000.0,234200000.0,233285000.0,234790000.0
Ametek Inc,AME,549300WZDEF9KKE40E98,1037868,2016.0,Q2YTD,2016-01-01,2016-06-30,,1.16,1.16,0.18,,1.16,101240000.0,272363000.0,272363000.0,272363000.0,1263392000.0,1922104000.0,-6849000.0,231153000.0,1263392000.0,658712000.0,47107000.0,231153000.0,427559000.0,-53956000.0,373603000.0,1922104000.0,234200000.0,233285000.0,234790000.0
Ametek Inc,AME,549300WZDEF9KKE40E98,1037868,2016.0,Q2TTM,2015-07-01,2016-06-30,,2.39,2.39,,-33038000.0,2.38,202447000.0,565602000.0,565602000.0,565602000.0,2611489000.0,3908614000.0,-12417000.0,456159000.0,2611489000.0,1297125000.0,93538000.0,423121000.0,874004000.0,-105955000.0,768049000.0,3908614000.0,234200000.0,233285000.0,234790000.0
Ametek Inc,AME,549300WZDEF9KKE40E98,1037868,2016.0,Q1,2016-01-01,2016-03-31,2017-05-08 13:16:47+00:00,0.57,0.57,0.09,,0.57,48872000.0,134170000.0,134170000.0,134170000.0,623681000.0,944398000.0,-2080000.0,112194000.0,623681000.0,320717000.0,23401000.0,112194000.0,208523000.0,-25481000.0,183042000.0,944398000.0,235400000.0,234983000.0,236216000.0
Ametek Inc,AME,549300WZDEF9KKE40E98,1037868,2016.0,Q1TTM,2015-04-01,2016-03-31,,2.44,2.44,,-16258000.0,2.43,209714000.0,582922000.0,582922000.0,582922000.0,2605703000.0,3934634000.0,-10141000.0,449902000.0,2605703000.0,1328931000.0,92510000.0,433644000.0,895287000.0,-102651000.0,792636000.0,3934634000.0,235400000.0,234983000.0,236216000.0
Ametek Inc,AME,549300WZDEF9KKE40E98,1037868,2017.0,FY,2017-01-01,2017-12-31,2020-02-20 14:01:52+00:00,2.96,2.96,0.36,,2.94,115259000.0,681470000.0,681470000.0,681470000.0,2861370000.0,4300170000.0,-8862000.0,535180000.0,2861370000.0,1438800000.0,98029000.0,535180000.0,903620000.0,-106891000.0,796729000.0,4300170000.0,230200000.0,230229000.0,231845000.0
Ametek Inc,AME,549300WZDEF9KKE40E98,1037868,2017.0,Q4,2017-10-01,2017-12-31,,1.03,1.03,-0.27,,1.03,-41007000.0,238532000.0,238532000.0,238532000.0,769650000.0,1143085000.0,-4809000.0,146849000.0,769650000.0,373435000.0,24252000.0,146849000.0,226586000.0,-29061000.0,197525000.0,1143085000.0,230200000.0,230229000.0,231845000.0
Ametek Inc,AME,549300WZDEF9KKE40E98,1037868,2017.0,Q3,2017-07-01,2017-09-30,2018-11-02 13:59:41+00:00,0.67,0.67,0.09,,0.66,50896000.0,153531000.0,153531000.0,153531000.0,722127000.0,1084799000.0,-902000.0,132634000.0,722127000.0,362672000.0,24709000.0,132634000.0,230038000.0,-25611000.0,204427000.0,1084799000.0,229200000.0,230439000.0,232253000.0
Ametek Inc,AME,549300WZDEF9KKE40E98,1037868,2017.0,Q3YTD,2017-01-01,2017-09-30,,1.93,1.93,0.27,,1.91,156266000.0,442938000.0,442938000.0,442938000.0,2091720000.0,3157085000.0,-4053000.0,388331000.0,2091720000.0,1065365000.0,73777000.0,388331000.0,677034000.0,-77830000.0,599204000.0,3157085000.0,229200000.0,230439000.0,232253000.0
Ametek Inc,AME,549300WZDEF9KKE40E98,1037868,2017.0,Q3TTM,2016-10-01,2017-09-30,,2.41,2.41,,,2.38,192410000.0,552046000.0,552046000.0,552046000.0,2783083000.0,4130038000.0,2483000.0,507617000.0,2783083000.0,1346955000.0,97365000.0,507617000.0,839338000.0,-94882000.0,744456000.0,4130038000.0,229200000.0,230439000.0,232253000.0
Ametek Inc,AME,549300WZDEF9KKE40E98,1037868,2017.0,Q2,2017-04-01,2017-06-30,2018-08-02 14:41:21+00:00,0.65,0.65,0.09,,0.65,52874000.0,150481000.0,150481000.0,150481000.0,702191000.0,1064604000.0,-1642000.0,132864000.0,702191000.0,362413000.0,24552000.0,132864000.0,229549000.0,-26194000.0,203355000.0,1064604000.0,231500000.0,230158000.0,231588000.0
Ametek Inc,AME,549300WZDEF9KKE40E98,1037868,2017.0,Q2YTD,2017-01-01,2017-06-30,,1.26,1.26,0.18,,1.25,105370000.0,289407000.0,289407000.0,289407000.0,1369593000.0,2072286000.0,-3151000.0,255697000.0,1369593000.0,702693000.0,49068000.0,255697000.0,446996000.0,-52219000.0,394777000.0,2072286000.0,231500000.0,230158000.0,231588000.0
Ametek Inc,AME,549300WZDEF9KKE40E98,1037868,2017.0,Q2TTM,2016-07-01,2017-06-30,,2.3,2.3,,,2.28,185075000.0,529202000.0,529202000.0,529202000.0,2691700000.0,3990269000.0,126000.0,488153000.0,2691700000.0,1298569000.0,96265000.0,488153000.0,810416000.0,-96139000.0,714277000.0,3990269000.0,231500000.0,230158000.0,231588000.0
Ametek Inc,AME,549300WZDEF9KKE40E98,1037868,2017.0,Q1,2017-01-01,2017-03-31,2018-05-03 14:27:58+00:00,0.61,0.61,0.09,,0.6,52496000.0,138926000.0,138926000.0,138926000.0,667402000.0,1007682000.0,-1509000.0,122833000.0,667402000.0,340280000.0,24516000.0,122833000.0,217447000.0,-26025000.0,191422000.0,1007682000.0,227700000.0,229548000.0,231004000.0
Ametek Inc,AME,549300WZDEF9KKE40E98,1037868,2017.0,Q1TTM,2016-04-01,2017-03-31,,2.24,2.24,,,2.22,184569000.0,516914000.0,516914000.0,516914000.0,2629220000.0,3903371000.0,-3001000.0,474248000.0,2629220000.0,1274151000.0,95419000.0,474248000.0,799903000.0,-98420000.0,701483000.0,3903371000.0,227700000.0,229548000.0,231004000.0
Ametek Inc,AME,549300WZDEF9KKE40E98,1037868,2018.0,FY,2018-01-01,2018-12-31,2020-02-20 14:01:52+00:00,3.37,3.37,0.56,,3.34,209812000.0,777933000.0,777933000.0,777933000.0,3186310000.0,4845872000.0,-5615000.0,584022000.0,3186310000.0,1659562000.0,82180000.0,584022000.0,1075540000.0,-87795000.0,987745000.0,4845872000.0,230800000.0,230823000.0,232712000.0
Ametek Inc,AME,549300WZDEF9KKE40E98,1037868,2018.0,Q4,2018-10-01,2018-12-31,,0.91,0.91,0.14,,0.91,47250000.0,211520000.0,211520000.0,211520000.0,835268000.0,1271328000.0,-2931000.0,154040000.0,835268000.0,436060000.0,20319000.0,154040000.0,282020000.0,-23250000.0,258770000.0,1271328000.0,230800000.0,230823000.0,232712000.0
Ametek Inc,AME,549300WZDEF9KKE40E98,1037868,2018.0,Q3,2018-07-01,2018-09-30,2019-11-01 15:21:18+00:00,0.83,0.83,0.14,,0.82,53717000.0,191213000.0,191213000.0,191213000.0,782994000.0,1192962000.0,-945000.0,144702000.0,782994000.0,409968000.0,19391000.0,144702000.0,265266000.0,-20336000.0,244930000.0,1192962000.0,230400000.0,231502000.0,233250000.0
Ametek Inc,AME,549300WZDEF9KKE40E98,1037868,2018.0,Q3YTD,2018-01-01,2018-09-30,,2.46,2.46,0.42,,2.43,162562000.0,566413000.0,566413000.0,566413000.0,2351042000.0,3574544000.0,-2684000.0,429982000.0,2351042000.0,1223502000.0,61861000.0,429982000.0,793520000.0,-64545000.0,728975000.0,3574544000.0,230400000.0,231502000.0,233250000.0
Ametek Inc,AME,549300WZDEF9KKE40E98,1037868,2018.0,Q3TTM,2017-10-01,2018-09-30,,3.49,3.49,0.15,,3.46,121555000.0,804945000.0,804945000.0,804945000.0,3120692000.0,4717629000.0,-7493000.0,576831000.0,3120692000.0,1596937000.0,86113000.0,576831000.0,1020106000.0,-93606000.0,926500000.0,4717629000.0,230400000.0,231502000.0,233250000.0
Ametek Inc,AME,549300WZDEF9KKE40E98,1037868,2018.0,Q2,2018-04-01,2018-06-30,2019-08-02 11:07:19+00:00,0.84,0.84,0.14,,0.83,54361000.0,193860000.0,193860000.0,193860000.0,791248000.0,1208935000.0,-1081000.0,147601000.0,791248000.0,417687000.0,20784000.0,147601000.0,270086000.0,-21865000.0,248221000.0,1208935000.0,230800000.0,231252000.0,233297000.0
Ametek Inc,AME,549300WZDEF9KKE40E98,1037868,2018.0,Q2YTD,2018-01-01,2018-06-30,,1.63,1.63,0.28,,1.61,108845000.0,375200000.0,375200000.0,375200000.0,1568048000.0,2381582000.0,-1739000.0,285280000.0,1568048000.0,813534000.0,42470000.0,285280000.0,528254000.0,-44209000.0,484045000.0,2381582000.0,230800000.0,231252000.0,233297000.0
Ametek Inc,AME,549300WZDEF9KKE40E98,1037868,2018.0,Q2TTM,2017-07-01,2018-06-30,,3.33,3.33,0.1,,3.3,118734000.0,767263000.0,767263000.0,767263000.0,3059825000.0,4609466000.0,-7450000.0,564763000.0,3059825000.0,1549641000.0,91431000.0,564763000.0,984878000.0,-98881000.0,885997000.0,4609466000.0,230800000.0,231252000.0,233297000.0
Ametek Inc,AME,549300WZDEF9KKE40E98,1037868,2018.0,Q1,2018-01-01,2018-03-31,2019-05-02 14:14:36+00:00,0.79,0.79,0.14,,0.78,54484000.0,181340000.0,181340000.0,181340000.0,776800000.0,1172647000.0,-658000.0,137679000.0,776800000.0,395847000.0,21686000.0,137679000.0,258168000.0,-22344000.0,235824000.0,1172647000.0,229500000.0,230928000.0,232965000.0
Ametek Inc,AME,549300WZDEF9KKE40E98,1037868,2018.0,Q1TTM,2017-04-01,2018-03-31,,3.14,3.14,0.05,,3.12,117247000.0,723884000.0,723884000.0,723884000.0,2970768000.0,4465135000.0,-8011000.0,550026000.0,2970768000.0,1494367000.0,95199000.0,550026000.0,944341000.0,-103210000.0,841131000.0,4465135000.0,229500000.0,230928000.0,232965000.0
Ametek Inc,AME,549300WZDEF9KKE40E98,1037868,2019.0,Q4,2019-10-01,2019-12-31,,0.96,0.96,0.14,,0.96,47203000.0,220777000.0,220777000.0,220777000.0,858175000.0,1304821000.0,-6630000.0,148991000.0,858175000.0,446646000.0,23045000.0,148991000.0,297655000.0,-29675000.0,267980000.0,1304821000.0,227900000.0,227759000.0,229395000.0
Ametek Inc,AME,549300WZDEF9KKE40E98,1037868,2019.0,FY,2019-01-01,2019-12-31,2020-02-20 14:01:52+00:00,3.78,3.78,0.56,,3.75,208451000.0,861297000.0,861297000.0,861297000.0,3370897000.0,5158557000.0,-19151000.0,610280000.0,3370897000.0,1787660000.0,88481000.0,610280000.0,1177380000.0,-107632000.0,1069748000.0,5158557000.0,227900000.0,227759000.0,229395000.0
Ametek Inc,AME,549300WZDEF9KKE40E98,1037868,2019.0,Q3YTD,2019-01-01,2019-09-30,,2.82,2.82,0.42,,2.79,161248000.0,640520000.0,640520000.0,640520000.0,2512722000.0,3853736000.0,-12521000.0,461289000.0,2512722000.0,1341014000.0,65436000.0,461289000.0,879725000.0,-77957000.0,801768000.0,3853736000.0,227600000.0,228041000.0,229560000.0
Ametek Inc,AME,549300WZDEF9KKE40E98,1037868,2019.0,Q3TTM,2018-10-01,2019-09-30,,3.73,3.73,0.56,,3.7,208498000.0,852040000.0,852040000.0,852040000.0,3347990000.0,5125064000.0,-15452000.0,615329000.0,3347990000.0,1777074000.0,85755000.0,615329000.0,1161745000.0,-101207000.0,1060538000.0,5125064000.0,227600000.0,228041000.0,229560000.0
Ametek Inc,AME,549300WZDEF9KKE40E98,1037868,2019.0,Q3,2019-07-01,2019-09-30,2019-11-01 15:21:18+00:00,0.97,0.97,0.14,,0.96,53482000.0,220749000.0,220749000.0,220749000.0,823262000.0,1276633000.0,-5517000.0,152315000.0,823262000.0,453371000.0,21308000.0,152315000.0,301056000.0,-26825000.0,274231000.0,1276633000.0,227600000.0,228041000.0,229560000.0
Ametek Inc,AME,549300WZDEF9KKE40E98,1037868,2019.0,Q2YTD,2019-01-01,2019-06-30,,1.85,1.85,0.28,,1.83,107766000.0,419771000.0,419771000.0,419771000.0,1689460000.0,2577103000.0,-7004000.0,308974000.0,1689460000.0,887643000.0,44128000.0,308974000.0,578669000.0,-51132000.0,527537000.0,2577103000.0,226800000.0,227577000.0,229328000.0
Ametek Inc,AME,549300WZDEF9KKE40E98,1037868,2019.0,Q2TTM,2018-07-01,2019-06-30,,3.59,3.59,0.56,,3.56,208733000.0,822504000.0,822504000.0,822504000.0,3307722000.0,5041393000.0,-10880000.0,607716000.0,3307722000.0,1733671000.0,83838000.0,607716000.0,1125955000.0,-94718000.0,1031237000.0,5041393000.0,226800000.0,227577000.0,229328000.0
Ametek Inc,AME,549300WZDEF9KKE40E98,1037868,2019.0,Q2,2019-04-01,2019-06-30,2019-08-02 11:07:19+00:00,0.95,0.95,0.14,,0.94,55096000.0,215503000.0,215503000.0,215503000.0,838153000.0,1289412000.0,-3336000.0,155849000.0,838153000.0,451259000.0,21475000.0,155849000.0,295410000.0,-24811000.0,270599000.0,1289412000.0,226800000.0,227577000.0,229328000.0
Ametek Inc,AME,549300WZDEF9KKE40E98,1037868,2019.0,Q1,2019-01-01,2019-03-31,2020-05-05 14:41:49+00:00,0.9,0.9,0.14,,0.89,52670000.0,204268000.0,204268000.0,204268000.0,851307000.0,1287691000.0,-3668000.0,153125000.0,851307000.0,436384000.0,22653000.0,153125000.0,283259000.0,-26321000.0,256938000.0,1287691000.0,227000000.0,226861000.0,228686000.0
Ametek Inc,AME,549300WZDEF9KKE40E98,1037868,2019.0,Q1TTM,2018-04-01,2019-03-31,,3.48,3.48,0.56,,3.45,207998000.0,800861000.0,800861000.0,800861000.0,3260817000.0,4960916000.0,-8625000.0,599468000.0,3260817000.0,1700099000.0,83147000.0,599468000.0,1100631000.0,-91772000.0,1008859000.0,4960916000.0,227000000.0,226861000.0,228686000.0
Ametek Inc,AME,549300WZDEF9KKE40E98,1037868,2020.0,Q1TTM,2019-04-01,2020-03-31,,4.11,4.11,0.6,,4.08,226240000.0,937645000.0,937645000.0,937645000.0,3344237000.0,5073084000.0,126293000.0,602686000.0,3344237000.0,1728847000.0,88569000.0,602686000.0,1126161000.0,37724000.0,1163885000.0,5073084000.0,228100000.0,228962000.0,230872000.0
Ametek Inc,AME,549300WZDEF9KKE40E98,1037868,2020.0,Q1,2020-01-01,2020-03-31,2020-05-05 14:41:49+00:00,1.23,1.23,0.18,,1.22,70459000.0,280616000.0,280616000.0,280616000.0,824647000.0,1202218000.0,141776000.0,145531000.0,824647000.0,377571000.0,22741000.0,145531000.0,232040000.0,119035000.0,351075000.0,1202218000.0,228100000.0,228962000.0,230872000.0
