company_name,company_ticker,company_lei,company_cik,year,quarter,start_date,end_date,filing_date,amortizationexpense,basicdilutedeps,basiceps,cashdividendspershare,depreciationexpense,dilutedeps,incometaxexpense,marketingexpense,netincome,netincomecontinuing,netincometocommon,netincometononcontrollinginterest,operatingcostofrevenue,operatingrevenue,otherincome,otherspecialcharges,sgaexpense,totalcostofrevenue,totalgrossprofit,totalinterestexpense,totalinterestincome,totaloperatingexpenses,totaloperatingincome,totalotherincome,totalpretaxincome,totalrevenue,weightedavebasicdilutedsharesos,weightedavebasicsharesos,weightedavedilutedsharesos
Comcast Corp,CMCSA,,1166691,2007.0,FY,2007-01-01,2007-12-31,2010-02-23 15:47:53+00:00,1101000000.0,0.84,0.84,0.0,5107000000.0,0.83,1800000000.0,,2549000000.0,2549000000.0,2587000000.0,-38000000.0,12334000000.0,31060000000.0,459000000.0,,6940000000.0,12334000000.0,18726000000.0,2289000000.0,601000000.0,13148000000.0,5578000000.0,-1229000000.0,4349000000.0,31060000000.0,3079800000.0,3079800000.0,3116900000.0
Comcast Corp,CMCSA,,1166691,2008.0,FY,2008-01-01,2008-12-31,2011-02-25 15:02:27+00:00,943000000.0,0.87,0.87,0.25,5457000000.0,0.86,1533000000.0,,2525000000.0,2525000000.0,2547000000.0,-22000000.0,13662000000.0,34423000000.0,-324000000.0,,7629000000.0,13662000000.0,20761000000.0,2439000000.0,89000000.0,14029000000.0,6732000000.0,-2674000000.0,4058000000.0,34423000000.0,2939000000.0,2939000000.0,2939000000.0
Comcast Corp,CMCSA,,1166691,2008.0,Q3,2008-07-01,2008-09-30,2009-11-04 11:37:13+00:00,235000000.0,0.26,0.26,0.06,1332000000.0,0.26,401000000.0,,756000000.0,756000000.0,771000000.0,-15000000.0,,8549000000.0,14000000.0,,5312000000.0,,8549000000.0,601000000.0,74000000.0,6879000000.0,1670000000.0,-513000000.0,1157000000.0,8549000000.0,2965400000.0,2965400000.0,2965400000.0
Comcast Corp,CMCSA,,1166691,2008.0,Q2,2008-04-01,2008-06-30,2009-08-06 12:17:45+00:00,230000000.0,0.21,0.21,0.06,1371000000.0,0.21,455000000.0,,619000000.0,619000000.0,632000000.0,-13000000.0,,8553000000.0,12000000.0,,5202000000.0,,8553000000.0,618000000.0,-70000000.0,6803000000.0,1750000000.0,-676000000.0,1074000000.0,8553000000.0,3009500000.0,3009500000.0,3009500000.0
Comcast Corp,CMCSA,,1166691,2009.0,Q4,2009-10-01,2009-12-31,,257000000.0,0.34,0.34,0.09,1335000000.0,0.33,390000000.0,,960000000.0,960000000.0,955000000.0,5000000.0,22042000000.0,9067000000.0,-11000000.0,,-16384000000.0,22042000000.0,-12975000000.0,520000000.0,64000000.0,-14792000000.0,1817000000.0,-467000000.0,1350000000.0,9067000000.0,2875000000.0,2875000000.0,2875000000.0
Comcast Corp,CMCSA,,1166691,2009.0,FY,2009-01-01,2009-12-31,2012-02-23 07:06:40+00:00,1017000000.0,1.27,1.27,0.297,5483000000.0,1.26,1478000000.0,,3628000000.0,3628000000.0,3638000000.0,-10000000.0,22042000000.0,35756000000.0,-42000000.0,,,22042000000.0,13714000000.0,2348000000.0,282000000.0,6500000000.0,7214000000.0,-2108000000.0,5106000000.0,35756000000.0,2875000000.0,2875000000.0,2875000000.0
Comcast Corp,CMCSA,,1166691,2009.0,Q3,2009-07-01,2009-09-30,2010-10-27 15:25:46+00:00,253000000.0,0.33,0.33,0.0675,1362000000.0,0.33,203000000.0,,934000000.0,934000000.0,944000000.0,-10000000.0,,8845000000.0,-15000000.0,,5519000000.0,,8845000000.0,707000000.0,148000000.0,7134000000.0,1711000000.0,-574000000.0,1137000000.0,8845000000.0,2860600000.0,2860600000.0,2860600000.0
Comcast Corp,CMCSA,,1166691,2009.0,Q3YTD,2009-01-01,2009-09-30,,760000000.0,0.94,0.94,0.2,4148000000.0,0.94,1088000000.0,,2668000000.0,2668000000.0,2683000000.0,-15000000.0,,26689000000.0,-31000000.0,,16384000000.0,,26689000000.0,1828000000.0,218000000.0,21292000000.0,5397000000.0,-1641000000.0,3756000000.0,26689000000.0,2860600000.0,2860600000.0,2860600000.0
Comcast Corp,CMCSA,,1166691,2009.0,Q2,2009-04-01,2009-06-30,2010-07-28 13:10:57+00:00,254000000.0,0.33,0.33,0.0675,1406000000.0,0.33,424000000.0,,956000000.0,956000000.0,967000000.0,-11000000.0,,8978000000.0,-1000000.0,,5443000000.0,,8978000000.0,551000000.0,57000000.0,7103000000.0,1875000000.0,-495000000.0,1380000000.0,8978000000.0,2930300000.0,2930300000.0,2930300000.0
Comcast Corp,CMCSA,,1166691,2009.0,Q2YTD,2009-01-01,2009-06-30,,507000000.0,0.59,0.59,0.13,2786000000.0,0.59,885000000.0,,1734000000.0,1734000000.0,1739000000.0,-5000000.0,,17844000000.0,-16000000.0,,10865000000.0,,17844000000.0,1121000000.0,70000000.0,14158000000.0,3686000000.0,-1067000000.0,2619000000.0,17844000000.0,2930300000.0,2930300000.0,2930300000.0
Comcast Corp,CMCSA,,1166691,2009.0,Q1,2009-01-01,2009-03-31,2010-04-28 15:07:49+00:00,253000000.0,0.27,0.27,0.0675,1380000000.0,0.27,461000000.0,,778000000.0,778000000.0,772000000.0,6000000.0,,8866000000.0,-15000000.0,,5422000000.0,,8866000000.0,570000000.0,13000000.0,7055000000.0,1811000000.0,-572000000.0,1239000000.0,8866000000.0,2859300000.0,2859300000.0,2859300000.0
Comcast Corp,CMCSA,,1166691,2010.0,Q4,2010-10-01,2010-12-31,,331000000.0,0.36,0.36,0.09,1372000000.0,0.36,673000000.0,2409000000.0,1033000000.0,1033000000.0,1018000000.0,15000000.0,8537000000.0,9721000000.0,159000000.0,,-4941000000.0,8537000000.0,1184000000.0,544000000.0,78000000.0,-829000000.0,2013000000.0,-307000000.0,1706000000.0,9721000000.0,2808000000.0,2808000000.0,2808000000.0
Comcast Corp,CMCSA,,1166691,2010.0,FY,2010-01-01,2010-12-31,2013-02-20 18:48:53+00:00,1077000000.0,1.29,1.29,0.37799999999999995,5539000000.0,1.29,2436000000.0,2409000000.0,3668000000.0,3668000000.0,3635000000.0,33000000.0,8537000000.0,37937000000.0,-8000000.0,,12395000000.0,8537000000.0,29400000000.0,2156000000.0,288000000.0,21420000000.0,7980000000.0,-1876000000.0,6104000000.0,37937000000.0,2808000000.0,2808000000.0,2808000000.0
Comcast Corp,CMCSA,,1166691,2010.0,Q3,2010-07-01,2010-09-30,2011-11-02 16:31:53+00:00,247000000.0,0.31,0.31,0.0945,1377000000.0,0.31,584000000.0,,870000000.0,870000000.0,867000000.0,3000000.0,,9489000000.0,-64000000.0,,5911000000.0,,9489000000.0,545000000.0,109000000.0,7535000000.0,1954000000.0,-500000000.0,1454000000.0,9489000000.0,2796800000.0,2796800000.0,2796800000.0
Comcast Corp,CMCSA,,1166691,2010.0,Q3YTD,2010-01-01,2010-09-30,,746000000.0,0.93,0.93,0.28,4167000000.0,0.93,1763000000.0,,2635000000.0,2635000000.0,2617000000.0,18000000.0,,28216000000.0,-167000000.0,,17336000000.0,,28216000000.0,1612000000.0,210000000.0,22249000000.0,5967000000.0,-1569000000.0,4398000000.0,28216000000.0,2796800000.0,2796800000.0,2796800000.0
Comcast Corp,CMCSA,,1166691,2010.0,Q3TTM,2009-10-01,2010-09-30,,1003000000.0,1.27,1.27,0.38,5502000000.0,1.26,2153000000.0,,3595000000.0,3595000000.0,3572000000.0,23000000.0,22042000000.0,37283000000.0,-178000000.0,,952000000.0,22042000000.0,15241000000.0,2132000000.0,274000000.0,7457000000.0,7784000000.0,-2036000000.0,5748000000.0,37283000000.0,2796800000.0,2796800000.0,2796800000.0
Comcast Corp,CMCSA,,1166691,2010.0,Q2,2010-04-01,2010-06-30,2011-08-03 15:25:19+00:00,248000000.0,0.31,0.31,0.0945,1411000000.0,0.31,588000000.0,,886000000.0,886000000.0,884000000.0,2000000.0,,9525000000.0,-61000000.0,,5788000000.0,,9525000000.0,543000000.0,0.0,7447000000.0,2078000000.0,-604000000.0,1474000000.0,9525000000.0,2851600000.0,2851600000.0,2851600000.0
Comcast Corp,CMCSA,,1166691,2010.0,Q2YTD,2010-01-01,2010-06-30,,499000000.0,0.62,0.62,0.19,2790000000.0,0.62,1179000000.0,,1765000000.0,1765000000.0,1750000000.0,15000000.0,,18727000000.0,-103000000.0,,11425000000.0,,18727000000.0,1067000000.0,101000000.0,14714000000.0,4013000000.0,-1069000000.0,2944000000.0,18727000000.0,2851600000.0,2851600000.0,2851600000.0
Comcast Corp,CMCSA,,1166691,2010.0,Q2TTM,2009-07-01,2010-06-30,,1009000000.0,1.29,1.29,0.35,5487000000.0,1.28,1772000000.0,,3659000000.0,3659000000.0,3649000000.0,10000000.0,22042000000.0,36639000000.0,-129000000.0,,560000000.0,22042000000.0,14597000000.0,2294000000.0,313000000.0,7056000000.0,7541000000.0,-2110000000.0,5431000000.0,36639000000.0,2851600000.0,2851600000.0,2851600000.0
Comcast Corp,CMCSA,,1166691,2010.0,Q1,2010-01-01,2010-03-31,2011-05-04 19:37:11+00:00,251000000.0,0.31,0.31,0.0945,1379000000.0,0.31,591000000.0,,879000000.0,879000000.0,866000000.0,13000000.0,,9202000000.0,-42000000.0,,5637000000.0,,9202000000.0,524000000.0,101000000.0,7267000000.0,1935000000.0,-465000000.0,1470000000.0,9202000000.0,2793500000.0,2793500000.0,2793500000.0
Comcast Corp,CMCSA,,1166691,2010.0,Q1TTM,2009-04-01,2010-03-31,,1015000000.0,1.31,1.31,0.32,5482000000.0,1.3,1608000000.0,,3729000000.0,3729000000.0,3732000000.0,-3000000.0,22042000000.0,36092000000.0,-69000000.0,,215000000.0,22042000000.0,14050000000.0,2302000000.0,370000000.0,6712000000.0,7338000000.0,-2001000000.0,5337000000.0,36092000000.0,2793500000.0,2793500000.0,2793500000.0
Comcast Corp,CMCSA,,1166691,2011.0,Q4,2011-10-01,2011-12-31,,462000000.0,0.47,0.47,0.11,1536000000.0,0.46,801000000.0,4243000000.0,1585000000.0,1585000000.0,1287000000.0,298000000.0,16596000000.0,15042000000.0,-46000000.0,,-10713000000.0,16596000000.0,-1554000000.0,642000000.0,156000000.0,-4472000000.0,2918000000.0,-532000000.0,2386000000.0,15042000000.0,2746000000.0,2746000000.0,2746000000.0
Comcast Corp,CMCSA,,1166691,2011.0,FY,2011-01-01,2011-12-31,2014-02-12 12:49:52+00:00,1596000000.0,1.51,1.51,0.45,6040000000.0,1.5,3050000000.0,4243000000.0,5157000000.0,5157000000.0,4160000000.0,997000000.0,16596000000.0,55842000000.0,-168000000.0,,16646000000.0,16596000000.0,39246000000.0,2505000000.0,159000000.0,28525000000.0,10721000000.0,-2514000000.0,8207000000.0,55842000000.0,2746000000.0,2746000000.0,2746000000.0
Comcast Corp,CMCSA,,1166691,2011.0,Q3,2011-07-01,2011-09-30,2012-10-26 13:29:22+00:00,393000000.0,0.33,0.33,0.1125,1540000000.0,0.33,639000000.0,,1166000000.0,1166000000.0,908000000.0,258000000.0,,14339000000.0,-52000000.0,,9765000000.0,,14339000000.0,637000000.0,-147000000.0,11698000000.0,2641000000.0,-836000000.0,1805000000.0,14339000000.0,2751500000.0,2751500000.0,2751500000.0
Comcast Corp,CMCSA,,1166691,2011.0,Q3YTD,2011-01-01,2011-09-30,,1134000000.0,1.04,1.04,0.34,4504000000.0,1.04,2249000000.0,,3572000000.0,3572000000.0,2873000000.0,699000000.0,,40800000000.0,-122000000.0,,27359000000.0,,40800000000.0,1863000000.0,3000000.0,32997000000.0,7803000000.0,-1982000000.0,5821000000.0,40800000000.0,2751500000.0,2751500000.0,2751500000.0
Comcast Corp,CMCSA,,1166691,2011.0,Q3TTM,2010-10-01,2011-09-30,,1465000000.0,1.4,1.4,0.43,5876000000.0,1.4,2922000000.0,2409000000.0,4605000000.0,4605000000.0,3891000000.0,714000000.0,8537000000.0,50521000000.0,37000000.0,,22418000000.0,8537000000.0,41984000000.0,2407000000.0,81000000.0,32168000000.0,9816000000.0,-2289000000.0,7527000000.0,50521000000.0,2751500000.0,2751500000.0,2751500000.0
Comcast Corp,CMCSA,,1166691,2011.0,Q2,2011-04-01,2011-06-30,2012-08-01 16:21:28+00:00,385000000.0,0.37,0.37,0.1125,1478000000.0,0.37,1014000000.0,,1367000000.0,1367000000.0,1022000000.0,345000000.0,,14333000000.0,3000000.0,,9532000000.0,,14333000000.0,621000000.0,61000000.0,11395000000.0,2938000000.0,-557000000.0,2381000000.0,14333000000.0,2762200000.0,2762200000.0,2762200000.0
Comcast Corp,CMCSA,,1166691,2011.0,Q2YTD,2011-01-01,2011-06-30,,741000000.0,0.71,0.71,0.23,2964000000.0,0.71,1610000000.0,,2406000000.0,2406000000.0,1965000000.0,441000000.0,,26461000000.0,-70000000.0,,17594000000.0,,26461000000.0,1226000000.0,150000000.0,21299000000.0,5162000000.0,-1146000000.0,4016000000.0,26461000000.0,2762200000.0,2762200000.0,2762200000.0
Comcast Corp,CMCSA,,1166691,2011.0,Q2TTM,2010-07-01,2011-06-30,,1319000000.0,1.38,1.38,0.41,5713000000.0,1.38,2867000000.0,2409000000.0,4309000000.0,4309000000.0,3850000000.0,459000000.0,8537000000.0,45671000000.0,25000000.0,,18564000000.0,8537000000.0,37134000000.0,2315000000.0,337000000.0,28005000000.0,9129000000.0,-1953000000.0,7176000000.0,45671000000.0,2762200000.0,2762200000.0,2762200000.0
Comcast Corp,CMCSA,,1166691,2011.0,Q1,2011-01-01,2011-03-31,2012-05-02 13:55:44+00:00,356000000.0,0.34,0.34,0.1125,1486000000.0,0.34,596000000.0,,1039000000.0,1039000000.0,943000000.0,96000000.0,,12128000000.0,-73000000.0,,8062000000.0,,12128000000.0,605000000.0,89000000.0,9904000000.0,2224000000.0,-589000000.0,1635000000.0,12128000000.0,2773500000.0,2773500000.0,2773500000.0
Comcast Corp,CMCSA,,1166691,2011.0,Q1TTM,2010-04-01,2011-03-31,,1182000000.0,1.32,1.32,0.4,5646000000.0,1.32,2441000000.0,2409000000.0,3828000000.0,3828000000.0,3712000000.0,116000000.0,8537000000.0,40863000000.0,-39000000.0,,14820000000.0,8537000000.0,32326000000.0,2237000000.0,276000000.0,24057000000.0,8269000000.0,-2000000000.0,6269000000.0,40863000000.0,2773500000.0,2773500000.0,2773500000.0
Comcast Corp,CMCSA,,1166691,2012.0,Q4,2012-10-01,2012-12-31,,427000000.0,0.58,0.58,0.16,1556000000.0,0.55,778000000.0,1101000000.0,1807000000.0,1807000000.0,1518000000.0,289000000.0,4915000000.0,15937000000.0,-135000000.0,,4644000000.0,4915000000.0,11022000000.0,623000000.0,49000000.0,7728000000.0,3294000000.0,-709000000.0,2585000000.0,15937000000.0,2678000000.0,2678000000.0,2678000000.0
Comcast Corp,CMCSA,,1166691,2012.0,FY,2012-01-01,2012-12-31,2015-02-27 13:16:44+00:00,1648000000.0,2.32,2.32,0.65,6150000000.0,2.28,3744000000.0,4831000000.0,7865000000.0,7865000000.0,6203000000.0,1662000000.0,19929000000.0,62570000000.0,1732000000.0,,17833000000.0,19929000000.0,42641000000.0,2521000000.0,219000000.0,30462000000.0,12179000000.0,-570000000.0,11609000000.0,62570000000.0,2678000000.0,2678000000.0,2678000000.0
Comcast Corp,CMCSA,,1166691,2012.0,Q3,2012-07-01,2012-09-30,2013-10-30 12:35:30+00:00,411000000.0,0.79,0.79,0.1625,1549000000.0,0.78,1405000000.0,1230000000.0,2978000000.0,2978000000.0,2113000000.0,865000000.0,5726000000.0,16544000000.0,1898000000.0,,4580000000.0,5726000000.0,10818000000.0,633000000.0,70000000.0,7770000000.0,3048000000.0,1335000000.0,4383000000.0,16544000000.0,2674700000.0,2674700000.0,2709000000.0
Comcast Corp,CMCSA,,1166691,2012.0,Q3YTD,2012-01-01,2012-09-30,,1221000000.0,1.74,1.74,0.49,4594000000.0,1.73,2966000000.0,3730000000.0,6058000000.0,6058000000.0,4685000000.0,1373000000.0,15014000000.0,46633000000.0,1867000000.0,,13189000000.0,15014000000.0,31619000000.0,1898000000.0,170000000.0,22734000000.0,8885000000.0,139000000.0,9024000000.0,46633000000.0,2674700000.0,2674700000.0,2709000000.0
Comcast Corp,CMCSA,,1166691,2012.0,Q3TTM,2011-10-01,2012-09-30,,1683000000.0,2.21,2.21,0.6,6130000000.0,2.19,3767000000.0,7973000000.0,7643000000.0,7643000000.0,5972000000.0,1671000000.0,31610000000.0,61675000000.0,1821000000.0,,2476000000.0,31610000000.0,30065000000.0,2540000000.0,326000000.0,18262000000.0,11803000000.0,-393000000.0,11410000000.0,61675000000.0,2674700000.0,2674700000.0,2709000000.0
Comcast Corp,CMCSA,,1166691,2012.0,Q2,2012-04-01,2012-06-30,2013-07-31 15:22:26+00:00,409000000.0,0.5,0.5,0.1625,1516000000.0,0.5,811000000.0,1291000000.0,1633000000.0,1633000000.0,1348000000.0,285000000.0,4551000000.0,15211000000.0,-18000000.0,,4365000000.0,4551000000.0,10660000000.0,625000000.0,8000000.0,7581000000.0,3079000000.0,-635000000.0,2444000000.0,15211000000.0,2696000000.0,2696000000.0,2696000000.0
Comcast Corp,CMCSA,,1166691,2012.0,Q2YTD,2012-01-01,2012-06-30,,810000000.0,0.95,0.95,0.33,3045000000.0,0.95,1561000000.0,2500000000.0,3080000000.0,3080000000.0,2572000000.0,508000000.0,9288000000.0,30089000000.0,-31000000.0,,8609000000.0,9288000000.0,20801000000.0,1265000000.0,100000000.0,14964000000.0,5837000000.0,-1196000000.0,4641000000.0,30089000000.0,2696000000.0,2696000000.0,2696000000.0
Comcast Corp,CMCSA,,1166691,2012.0,Q2TTM,2011-07-01,2012-06-30,,1665000000.0,1.75,1.75,0.55,6121000000.0,1.74,3001000000.0,6743000000.0,5831000000.0,5831000000.0,4767000000.0,1064000000.0,25884000000.0,59470000000.0,-129000000.0,,7661000000.0,25884000000.0,33586000000.0,2544000000.0,109000000.0,22190000000.0,11396000000.0,-2564000000.0,8832000000.0,59470000000.0,2696000000.0,2696000000.0,2696000000.0
Comcast Corp,CMCSA,,1166691,2012.0,Q1,2012-01-01,2012-03-31,2013-05-01 14:46:29+00:00,401000000.0,0.45,0.45,0.1625,1529000000.0,0.45,750000000.0,1209000000.0,1447000000.0,1447000000.0,1224000000.0,223000000.0,4737000000.0,14878000000.0,-13000000.0,,4244000000.0,4737000000.0,10141000000.0,640000000.0,92000000.0,7383000000.0,2758000000.0,-561000000.0,2197000000.0,14878000000.0,2720000000.0,2720000000.0,2720000000.0
Comcast Corp,CMCSA,,1166691,2012.0,Q1TTM,2011-04-01,2012-03-31,,1641000000.0,1.62,1.62,0.5,6083000000.0,1.61,3204000000.0,5452000000.0,5565000000.0,5565000000.0,4441000000.0,1124000000.0,21333000000.0,58592000000.0,-108000000.0,,12828000000.0,21333000000.0,37259000000.0,2540000000.0,162000000.0,26004000000.0,11255000000.0,-2486000000.0,8769000000.0,58592000000.0,2720000000.0,2720000000.0,2720000000.0
Comcast Corp,CMCSA,,1166691,2013.0,FY,2013-01-01,2013-12-31,2016-02-05 17:00:05+00:00,1617000000.0,2.6,2.6,0.78,6254000000.0,2.56,3980000000.0,4978000000.0,7135000000.0,7135000000.0,6816000000.0,319000000.0,19670000000.0,64657000000.0,-450000000.0,,18575000000.0,19670000000.0,44987000000.0,2574000000.0,576000000.0,31424000000.0,13563000000.0,-2448000000.0,11115000000.0,64657000000.0,2625000000.0,2625000000.0,2625000000.0
Comcast Corp,CMCSA,,1166691,2013.0,Q4,2013-10-01,2013-12-31,,413000000.0,0.73,0.73,0.19,1585000000.0,0.72,986000000.0,1241000000.0,1968000000.0,1968000000.0,1913000000.0,55000000.0,5252000000.0,16926000000.0,-74000000.0,,4788000000.0,5252000000.0,11674000000.0,646000000.0,27000000.0,8027000000.0,3647000000.0,-693000000.0,2954000000.0,16926000000.0,2625000000.0,2625000000.0,2625000000.0
Comcast Corp,CMCSA,,1166691,2013.0,Q3YTD,2013-01-01,2013-09-30,,1204000000.0,1.87,1.87,0.59,4669000000.0,1.84,2994000000.0,3737000000.0,5167000000.0,5167000000.0,4903000000.0,264000000.0,14418000000.0,47731000000.0,-376000000.0,,13787000000.0,14418000000.0,33313000000.0,1928000000.0,549000000.0,23397000000.0,9916000000.0,-1755000000.0,8161000000.0,47731000000.0,2622000000.0,2622000000.0,2622000000.0
Comcast Corp,CMCSA,,1166691,2013.0,Q3TTM,2012-10-01,2013-09-30,,1631000000.0,2.45,2.45,0.75,6225000000.0,2.39,3772000000.0,4838000000.0,6974000000.0,6974000000.0,6421000000.0,553000000.0,19333000000.0,63668000000.0,-511000000.0,,18431000000.0,19333000000.0,44335000000.0,2551000000.0,598000000.0,31125000000.0,13210000000.0,-2464000000.0,10746000000.0,63668000000.0,2622000000.0,2622000000.0,2622000000.0
Comcast Corp,CMCSA,,1166691,2013.0,Q3,2013-07-01,2013-09-30,2014-10-23 13:21:38+00:00,396000000.0,0.66,0.66,0.195,1520000000.0,0.65,1021000000.0,1283000000.0,1778000000.0,1778000000.0,1732000000.0,46000000.0,4787000000.0,16151000000.0,-440000000.0,,4751000000.0,4787000000.0,11364000000.0,639000000.0,464000000.0,7950000000.0,3414000000.0,-615000000.0,2799000000.0,16151000000.0,2622000000.0,2622000000.0,2622000000.0
Comcast Corp,CMCSA,,1166691,2013.0,Q2YTD,2013-01-01,2013-06-30,,808000000.0,1.21,1.21,0.39,3149000000.0,1.19,1973000000.0,2454000000.0,3389000000.0,3389000000.0,3171000000.0,218000000.0,9631000000.0,31580000000.0,64000000.0,,9036000000.0,9631000000.0,21949000000.0,1289000000.0,85000000.0,15447000000.0,6502000000.0,-1140000000.0,5362000000.0,31580000000.0,2631000000.0,2631000000.0,2631000000.0
Comcast Corp,CMCSA,,1166691,2013.0,Q2TTM,2012-07-01,2013-06-30,,1646000000.0,2.58,2.58,0.72,6254000000.0,2.52,4156000000.0,4785000000.0,8174000000.0,8174000000.0,6802000000.0,1372000000.0,20272000000.0,64061000000.0,1827000000.0,,18260000000.0,20272000000.0,43789000000.0,2545000000.0,204000000.0,30945000000.0,12844000000.0,-514000000.0,12330000000.0,64061000000.0,2631000000.0,2631000000.0,2631000000.0
Comcast Corp,CMCSA,,1166691,2013.0,Q2,2013-04-01,2013-06-30,2014-07-24 16:09:57+00:00,407000000.0,0.66,0.66,0.195,1583000000.0,0.65,1048000000.0,1307000000.0,1744000000.0,1744000000.0,1734000000.0,10000000.0,4968000000.0,16270000000.0,-20000000.0,,4570000000.0,4968000000.0,11302000000.0,636000000.0,13000000.0,7867000000.0,3435000000.0,-643000000.0,2792000000.0,16270000000.0,2631000000.0,2631000000.0,2631000000.0
Comcast Corp,CMCSA,,1166691,2013.0,Q1,2013-01-01,2013-03-31,2014-04-22 14:05:05+00:00,401000000.0,0.55,0.55,0.195,1566000000.0,0.54,925000000.0,1147000000.0,1645000000.0,1645000000.0,1437000000.0,208000000.0,4663000000.0,15310000000.0,84000000.0,,4466000000.0,4663000000.0,10647000000.0,653000000.0,72000000.0,7580000000.0,3067000000.0,-497000000.0,2570000000.0,15310000000.0,2612700000.0,2612700000.0,2661100000.0
Comcast Corp,CMCSA,,1166691,2013.0,Q1TTM,2012-04-01,2013-03-31,,1648000000.0,2.42,2.42,0.68,6187000000.0,2.37,3919000000.0,4769000000.0,8063000000.0,8063000000.0,6416000000.0,1647000000.0,19855000000.0,63002000000.0,1829000000.0,,18055000000.0,19855000000.0,43147000000.0,2534000000.0,199000000.0,30659000000.0,12488000000.0,-506000000.0,11982000000.0,63002000000.0,2612700000.0,2612700000.0,2661100000.0
Comcast Corp,CMCSA,,1166691,2014.0,FY,2014-01-01,2014-12-31,2017-02-03 14:34:03+00:00,1682000000.0,3.24,3.24,0.9,6337000000.0,3.2,3873000000.0,5101000000.0,8592000000.0,8592000000.0,8380000000.0,212000000.0,20912000000.0,68775000000.0,-118000000.0,,19839000000.0,20912000000.0,47863000000.0,2617000000.0,296000000.0,32959000000.0,14904000000.0,-2439000000.0,12465000000.0,68775000000.0,2583000000.0,2583000000.0,2583000000.0
Comcast Corp,CMCSA,,1166691,2014.0,Q4,2014-10-01,2014-12-31,,460000000.0,0.75,0.75,0.24,1630000000.0,0.75,1114000000.0,1346000000.0,1996000000.0,1996000000.0,1925000000.0,71000000.0,5358000000.0,17732000000.0,-55000000.0,,5151000000.0,5358000000.0,12374000000.0,664000000.0,42000000.0,8587000000.0,3787000000.0,-677000000.0,3110000000.0,17732000000.0,2583000000.0,2583000000.0,2583000000.0
Comcast Corp,CMCSA,,1166691,2014.0,Q3,2014-07-01,2014-09-30,2015-10-27 15:42:38+00:00,420000000.0,1.0,1.0,0.225,1539000000.0,0.99,407000000.0,1298000000.0,2633000000.0,2633000000.0,2592000000.0,41000000.0,4772000000.0,16791000000.0,-63000000.0,,5017000000.0,4772000000.0,12019000000.0,663000000.0,21000000.0,8274000000.0,3745000000.0,-705000000.0,3040000000.0,16791000000.0,2580000000.0,2580000000.0,2580000000.0
Comcast Corp,CMCSA,,1166691,2014.0,Q3YTD,2014-01-01,2014-09-30,,1222000000.0,2.5,2.5,0.72,4707000000.0,2.5,2759000000.0,3755000000.0,6596000000.0,6596000000.0,6455000000.0,141000000.0,15554000000.0,51043000000.0,-63000000.0,,14688000000.0,15554000000.0,35489000000.0,1953000000.0,254000000.0,24372000000.0,11117000000.0,-1762000000.0,9355000000.0,51043000000.0,2580000000.0,2580000000.0,2580000000.0
Comcast Corp,CMCSA,,1166691,2014.0,Q3TTM,2013-10-01,2014-09-30,,1635000000.0,3.24,3.24,0.93,6292000000.0,3.24,3745000000.0,4996000000.0,8564000000.0,8564000000.0,8368000000.0,196000000.0,20806000000.0,67969000000.0,-137000000.0,,19476000000.0,20806000000.0,47163000000.0,2599000000.0,281000000.0,32399000000.0,14764000000.0,-2455000000.0,12309000000.0,67969000000.0,2580000000.0,2580000000.0,2580000000.0
Comcast Corp,CMCSA,,1166691,2014.0,Q2YTD,2014-01-01,2014-06-30,,802000000.0,1.49,1.49,0.47,3168000000.0,1.49,2352000000.0,2457000000.0,3963000000.0,3963000000.0,3863000000.0,100000000.0,10782000000.0,34252000000.0,,,9671000000.0,10782000000.0,23470000000.0,1290000000.0,233000000.0,16098000000.0,7372000000.0,-1057000000.0,6315000000.0,34252000000.0,2594000000.0,2594000000.0,2594000000.0
Comcast Corp,CMCSA,,1166691,2014.0,Q2TTM,2013-07-01,2014-06-30,,1611000000.0,2.89,2.89,0.9,6273000000.0,2.89,4359000000.0,4981000000.0,7709000000.0,7709000000.0,7508000000.0,201000000.0,20821000000.0,67329000000.0,-514000000.0,,19210000000.0,20821000000.0,46508000000.0,2575000000.0,724000000.0,32075000000.0,14433000000.0,-2365000000.0,12068000000.0,67329000000.0,2594000000.0,2594000000.0,2594000000.0
Comcast Corp,CMCSA,,1166691,2014.0,Q2,2014-04-01,2014-06-30,2015-07-23 13:10:08+00:00,401000000.0,0.77,0.77,0.225,1599000000.0,0.76,1234000000.0,1244000000.0,2025000000.0,2025000000.0,1992000000.0,33000000.0,4874000000.0,16844000000.0,-17000000.0,,4922000000.0,4874000000.0,11970000000.0,648000000.0,120000000.0,8166000000.0,3804000000.0,-545000000.0,3259000000.0,16844000000.0,2594000000.0,2594000000.0,2594000000.0
Comcast Corp,CMCSA,,1166691,2014.0,Q1TTM,2013-04-01,2014-03-31,,1617000000.0,2.79,2.79,0.86,6257000000.0,2.79,4173000000.0,5044000000.0,7428000000.0,7428000000.0,7250000000.0,178000000.0,20915000000.0,66755000000.0,-517000000.0,,18858000000.0,20915000000.0,45840000000.0,2563000000.0,617000000.0,31776000000.0,14064000000.0,-2463000000.0,11601000000.0,66755000000.0,2603000000.0,2603000000.0,2603000000.0
Comcast Corp,CMCSA,,1166691,2014.0,Q1,2014-01-01,2014-03-31,2015-05-04 16:13:35+00:00,401000000.0,0.72,0.72,0.225,1569000000.0,0.71,1118000000.0,1213000000.0,1938000000.0,1938000000.0,1871000000.0,67000000.0,5908000000.0,17408000000.0,17000000.0,,4749000000.0,5908000000.0,11500000000.0,642000000.0,113000000.0,7932000000.0,3568000000.0,-512000000.0,3056000000.0,17408000000.0,2603000000.0,2603000000.0,2603000000.0
Comcast Corp,CMCSA,,1166691,2015.0,FY,2015-01-01,2015-12-31,2018-01-31 16:35:39+00:00,1899000000.0,1.64,1.64,0.5,6781000000.0,1.62,4959000000.0,5957000000.0,8413000000.0,8413000000.0,8163000000.0,250000000.0,22550000000.0,74510000000.0,-5000000.0,0.0,21325000000.0,22550000000.0,51960000000.0,2702000000.0,81000000.0,35962000000.0,15998000000.0,-2626000000.0,13372000000.0,74510000000.0,4972000000.0,4972000000.0,4972000000.0
Comcast Corp,CMCSA,,1166691,2015.0,Q4,2015-10-01,2015-12-31,,494000000.0,0.4,0.4,0.13,1776000000.0,0.4,1162000000.0,1550000000.0,2056000000.0,2056000000.0,1971000000.0,85000000.0,5836000000.0,19245000000.0,-167000000.0,,5587000000.0,5836000000.0,13409000000.0,674000000.0,57000000.0,9407000000.0,4002000000.0,-784000000.0,3218000000.0,19245000000.0,4972000000.0,4972000000.0,4972000000.0
Comcast Corp,CMCSA,,1166691,2015.0,Q3,2015-07-01,2015-09-30,2016-10-26 16:23:25+00:00,486000000.0,0.81,0.81,0.25,1697000000.0,0.8,1223000000.0,1513000000.0,2041000000.0,2041000000.0,1996000000.0,45000000.0,5582000000.0,18669000000.0,-52000000.0,,5390000000.0,5582000000.0,13087000000.0,659000000.0,-26000000.0,9086000000.0,4001000000.0,-737000000.0,3264000000.0,18669000000.0,2472000000.0,2472000000.0,2472000000.0
Comcast Corp,CMCSA,,1166691,2015.0,Q3YTD,2015-01-01,2015-09-30,,1405000000.0,2.5,2.5,0.81,5005000000.0,2.5,3797000000.0,4407000000.0,6357000000.0,6357000000.0,6192000000.0,165000000.0,16714000000.0,55265000000.0,162000000.0,,15738000000.0,16714000000.0,38551000000.0,2028000000.0,24000000.0,26555000000.0,11996000000.0,-1842000000.0,10154000000.0,55265000000.0,2472000000.0,2472000000.0,2472000000.0
Comcast Corp,CMCSA,,1166691,2015.0,Q3TTM,2014-10-01,2015-09-30,,1865000000.0,3.28,3.28,1.06,6635000000.0,3.28,4911000000.0,5753000000.0,8353000000.0,8353000000.0,8117000000.0,236000000.0,22072000000.0,72997000000.0,107000000.0,,20889000000.0,22072000000.0,50925000000.0,2692000000.0,66000000.0,35142000000.0,15783000000.0,-2519000000.0,13264000000.0,72997000000.0,2472000000.0,2472000000.0,2472000000.0
Comcast Corp,CMCSA,,1166691,2015.0,Q2,2015-04-01,2015-06-30,2016-07-27 15:31:48+00:00,487000000.0,0.85,0.85,0.25,1674000000.0,0.84,1313000000.0,1534000000.0,2175000000.0,2175000000.0,2137000000.0,38000000.0,5669000000.0,18743000000.0,79000000.0,,5274000000.0,5669000000.0,13074000000.0,713000000.0,17000000.0,8969000000.0,4105000000.0,-617000000.0,3488000000.0,18743000000.0,2500000000.0,2500000000.0,2500000000.0
Comcast Corp,CMCSA,,1166691,2015.0,Q2YTD,2015-01-01,2015-06-30,,919000000.0,1.68,1.68,0.53,3308000000.0,1.68,2574000000.0,2894000000.0,4316000000.0,4316000000.0,4196000000.0,120000000.0,11132000000.0,36596000000.0,214000000.0,,10348000000.0,11132000000.0,25464000000.0,1369000000.0,50000000.0,17469000000.0,7995000000.0,-1105000000.0,6890000000.0,36596000000.0,2500000000.0,2500000000.0,2500000000.0
Comcast Corp,CMCSA,,1166691,2015.0,Q2TTM,2014-07-01,2015-06-30,,1799000000.0,3.49,3.49,1.03,6477000000.0,3.49,4095000000.0,5538000000.0,8945000000.0,8945000000.0,8713000000.0,232000000.0,21262000000.0,71119000000.0,96000000.0,,20516000000.0,21262000000.0,49857000000.0,2696000000.0,113000000.0,34330000000.0,15527000000.0,-2487000000.0,13040000000.0,71119000000.0,2500000000.0,2500000000.0,2500000000.0
Comcast Corp,CMCSA,,1166691,2015.0,Q1,2015-01-01,2015-03-31,2016-04-27 14:41:26+00:00,432000000.0,0.82,0.82,0.25,1634000000.0,0.81,1261000000.0,1360000000.0,2141000000.0,2141000000.0,2059000000.0,82000000.0,5463000000.0,17853000000.0,135000000.0,,5074000000.0,5463000000.0,12390000000.0,656000000.0,33000000.0,8500000000.0,3890000000.0,-488000000.0,3402000000.0,17853000000.0,2520000000.0,2520000000.0,2520000000.0
Comcast Corp,CMCSA,,1166691,2015.0,Q1TTM,2014-04-01,2015-03-31,,1713000000.0,3.4,3.4,1.01,6402000000.0,3.4,4016000000.0,5248000000.0,8795000000.0,8795000000.0,8568000000.0,227000000.0,20467000000.0,69220000000.0,,,20164000000.0,20467000000.0,48753000000.0,2631000000.0,216000000.0,33527000000.0,15226000000.0,-2415000000.0,12811000000.0,69220000000.0,2520000000.0,2520000000.0,2520000000.0
Comcast Corp,CMCSA,,1166691,2016.0,FY,2016-01-01,2016-12-31,2019-01-31 17:00:03+00:00,1962000000.0,1.8,1.8,0.55,7464000000.0,1.78,5298000000.0,6291000000.0,9028000000.0,9028000000.0,8678000000.0,350000000.0,24348000000.0,80736000000.0,437000000.0,0.0,23840000000.0,24348000000.0,56388000000.0,2942000000.0,,39557000000.0,16831000000.0,-2505000000.0,14326000000.0,80736000000.0,4819000000.0,4819000000.0,4819000000.0
Comcast Corp,CMCSA,,1166691,2016.0,Q4,2016-10-01,2016-12-31,,418000000.0,0.47,0.47,0.15,1946000000.0,0.47,1309000000.0,1781000000.0,2400000000.0,2400000000.0,2279000000.0,121000000.0,6422000000.0,21358000000.0,397000000.0,,6555000000.0,6422000000.0,14936000000.0,756000000.0,-168000000.0,10700000000.0,4236000000.0,-527000000.0,3709000000.0,21358000000.0,4819000000.0,4819000000.0,4819000000.0
Comcast Corp,CMCSA,,1166691,2016.0,Q3,2016-07-01,2016-09-30,2017-10-26 15:54:55+00:00,530000000.0,0.47,0.47,0.1375,1865000000.0,0.46,1400000000.0,1485000000.0,2324000000.0,2324000000.0,2237000000.0,87000000.0,7003000000.0,21319000000.0,-45000000.0,0.0,5996000000.0,7003000000.0,14316000000.0,751000000.0,80000000.0,9876000000.0,4440000000.0,-716000000.0,3724000000.0,21319000000.0,4805000000.0,4805000000.0,4805000000.0
Comcast Corp,CMCSA,,1166691,2016.0,Q3YTD,2016-01-01,2016-09-30,,1544000000.0,1.33,1.33,0.44,5518000000.0,1.33,3989000000.0,4510000000.0,6628000000.0,6628000000.0,6399000000.0,229000000.0,17926000000.0,59378000000.0,40000000.0,,17285000000.0,17926000000.0,41452000000.0,2186000000.0,168000000.0,28857000000.0,12595000000.0,-1978000000.0,10617000000.0,59378000000.0,4805000000.0,4805000000.0,4805000000.0
Comcast Corp,CMCSA,,1166691,2016.0,Q3TTM,2015-10-01,2016-09-30,,2038000000.0,1.74,1.74,0.58,7294000000.0,1.74,5151000000.0,6060000000.0,8684000000.0,8684000000.0,8370000000.0,314000000.0,23762000000.0,78623000000.0,-127000000.0,,22872000000.0,23762000000.0,54861000000.0,2860000000.0,225000000.0,38264000000.0,16597000000.0,-2762000000.0,13835000000.0,78623000000.0,4805000000.0,4805000000.0,4805000000.0
Comcast Corp,CMCSA,,1166691,2016.0,Q2,2016-04-01,2016-06-30,2017-07-27 15:56:05+00:00,521000000.0,0.42,0.42,0.1375,1868000000.0,0.41,1278000000.0,1559000000.0,2080000000.0,2080000000.0,2028000000.0,52000000.0,5492000000.0,19269000000.0,-34000000.0,,5763000000.0,5492000000.0,13777000000.0,732000000.0,58000000.0,9711000000.0,4066000000.0,-708000000.0,3358000000.0,19269000000.0,4839000000.0,4839000000.0,4839000000.0
Comcast Corp,CMCSA,,1166691,2016.0,Q2YTD,2016-01-01,2016-06-30,,1014000000.0,0.86,0.86,-0.29,3653000000.0,0.86,2589000000.0,3025000000.0,4304000000.0,4304000000.0,4162000000.0,142000000.0,10923000000.0,38059000000.0,85000000.0,,11289000000.0,10923000000.0,27136000000.0,1435000000.0,88000000.0,18981000000.0,8155000000.0,-1262000000.0,6893000000.0,38059000000.0,4839000000.0,4839000000.0,4839000000.0
Comcast Corp,CMCSA,,1166691,2016.0,Q2TTM,2015-07-01,2016-06-30,,1994000000.0,1.68,1.68,-0.01,7126000000.0,1.68,4974000000.0,6088000000.0,8401000000.0,8401000000.0,8129000000.0,272000000.0,22341000000.0,75973000000.0,-134000000.0,,22266000000.0,22341000000.0,53632000000.0,2768000000.0,119000000.0,37474000000.0,16158000000.0,-2783000000.0,13375000000.0,75973000000.0,4839000000.0,4839000000.0,4839000000.0
Comcast Corp,CMCSA,,1166691,2016.0,Q1,2016-01-01,2016-03-31,2017-04-27 16:38:20+00:00,493000000.0,0.44,0.44,0.1375,1785000000.0,0.43,1311000000.0,1466000000.0,2224000000.0,2224000000.0,2134000000.0,90000000.0,5431000000.0,18790000000.0,119000000.0,,5526000000.0,5431000000.0,13359000000.0,703000000.0,30000000.0,9270000000.0,4089000000.0,-554000000.0,3535000000.0,18790000000.0,4868000000.0,4868000000.0,4868000000.0
Comcast Corp,CMCSA,,1166691,2016.0,Q1TTM,2015-04-01,2016-03-31,,1960000000.0,1.69,1.69,0.56,6932000000.0,1.69,5009000000.0,6063000000.0,8496000000.0,8496000000.0,8238000000.0,258000000.0,22518000000.0,75447000000.0,-21000000.0,,21777000000.0,22518000000.0,52929000000.0,2749000000.0,78000000.0,36732000000.0,16197000000.0,-2692000000.0,13505000000.0,75447000000.0,4868000000.0,4868000000.0,4868000000.0
Comcast Corp,CMCSA,,1166691,2017.0,FY,2017-01-01,2017-12-31,2020-01-30 16:41:57+00:00,3263000000.0,4.83,4.83,0.63,8908000000.0,4.75,-7177000000.0,9325000000.0,28136000000.0,28136000000.0,27815000000.0,321000000.0,39631000000.0,117979000000.0,277000000.0,-779000000.0,33136000000.0,39631000000.0,78348000000.0,3813000000.0,,53853000000.0,24495000000.0,-3536000000.0,20959000000.0,117979000000.0,5758800000.0,5758800000.0,5855800000.0
Comcast Corp,CMCSA,,1166691,2017.0,Q4,2017-10-01,2017-12-31,,1618000000.0,3.49,3.49,1.31,3032000000.0,3.49,-11215000000.0,4431000000.0,20265000000.0,20265000000.0,20079000000.0,186000000.0,21181000000.0,55025000000.0,-22000000.0,-337000000.0,14494000000.0,21181000000.0,33844000000.0,1534000000.0,,23238000000.0,10606000000.0,-1556000000.0,9050000000.0,55025000000.0,5758800000.0,5758800000.0,5855800000.0
Comcast Corp,CMCSA,,1166691,2017.0,Q3,2017-07-01,2017-09-30,2018-10-25 15:29:12+00:00,555000000.0,0.56,0.56,0.1575,1991000000.0,0.55,1409000000.0,1604000000.0,2674000000.0,2674000000.0,2642000000.0,32000000.0,6059000000.0,21081000000.0,70000000.0,-442000000.0,6535000000.0,6059000000.0,15022000000.0,766000000.0,,10243000000.0,4779000000.0,-696000000.0,4083000000.0,21081000000.0,4698000000.0,4698000000.0,4698000000.0
Comcast Corp,CMCSA,,1166691,2017.0,Q3YTD,2017-01-01,2017-09-30,,1645000000.0,1.65,1.65,0.5,5876000000.0,1.65,4038000000.0,4894000000.0,7871000000.0,7871000000.0,7736000000.0,135000000.0,18450000000.0,62954000000.0,299000000.0,-442000000.0,18642000000.0,18450000000.0,44504000000.0,2279000000.0,,30615000000.0,13889000000.0,-1980000000.0,11909000000.0,62954000000.0,4698000000.0,4698000000.0,4698000000.0
Comcast Corp,CMCSA,,1166691,2017.0,Q3TTM,2016-10-01,2017-09-30,,2063000000.0,2.13,2.13,0.65,7822000000.0,2.13,5347000000.0,6675000000.0,10271000000.0,10271000000.0,10015000000.0,256000000.0,24872000000.0,84312000000.0,696000000.0,-442000000.0,25197000000.0,24872000000.0,59440000000.0,3035000000.0,-168000000.0,41315000000.0,18125000000.0,-2507000000.0,15618000000.0,84312000000.0,4698000000.0,4698000000.0,4698000000.0
Comcast Corp,CMCSA,,1166691,2017.0,Q2,2017-04-01,2017-06-30,2018-07-26 15:29:21+00:00,537000000.0,0.53,0.53,0.1575,1970000000.0,0.52,1367000000.0,1713000000.0,2542000000.0,2542000000.0,2521000000.0,21000000.0,6330000000.0,21286000000.0,99000000.0,0.0,6168000000.0,6330000000.0,14956000000.0,758000000.0,,10388000000.0,4568000000.0,-659000000.0,3909000000.0,21286000000.0,4728000000.0,4728000000.0,4728000000.0
Comcast Corp,CMCSA,,1166691,2017.0,Q2YTD,2017-01-01,2017-06-30,,1090000000.0,1.08,1.08,0.33,3885000000.0,1.08,2629000000.0,3290000000.0,5197000000.0,5197000000.0,5094000000.0,103000000.0,12391000000.0,41873000000.0,229000000.0,,12107000000.0,12391000000.0,29482000000.0,1513000000.0,,20372000000.0,9110000000.0,-1284000000.0,7826000000.0,41873000000.0,4728000000.0,4728000000.0,4728000000.0
Comcast Corp,CMCSA,,1166691,2017.0,Q2TTM,2016-07-01,2017-06-30,,2038000000.0,2.03,2.03,1.23,7696000000.0,2.03,5338000000.0,6556000000.0,9921000000.0,9921000000.0,9610000000.0,311000000.0,25816000000.0,84550000000.0,581000000.0,,24658000000.0,25816000000.0,58734000000.0,3020000000.0,-88000000.0,40948000000.0,17786000000.0,-2527000000.0,15259000000.0,84550000000.0,4728000000.0,4728000000.0,4728000000.0
Comcast Corp,CMCSA,,1166691,2017.0,Q1,2017-01-01,2017-03-31,2018-04-25 15:53:55+00:00,553000000.0,0.54,0.54,0.1575,1915000000.0,0.53,1262000000.0,1577000000.0,2655000000.0,2655000000.0,2573000000.0,82000000.0,6061000000.0,20587000000.0,130000000.0,,5939000000.0,6061000000.0,14526000000.0,755000000.0,,9984000000.0,4542000000.0,-625000000.0,3917000000.0,20587000000.0,4747000000.0,4747000000.0,4747000000.0
Comcast Corp,CMCSA,,1166691,2017.0,Q1TTM,2016-04-01,2017-03-31,,2022000000.0,1.92,1.92,0.61,7594000000.0,1.92,5249000000.0,6402000000.0,9459000000.0,9459000000.0,9117000000.0,342000000.0,24978000000.0,82533000000.0,448000000.0,,24253000000.0,24978000000.0,57555000000.0,2994000000.0,-30000000.0,40271000000.0,17284000000.0,-2576000000.0,14708000000.0,82533000000.0,4747000000.0,4747000000.0,4747000000.0
Comcast Corp,CMCSA,,1166691,2018.0,FY,2018-01-01,2018-12-31,2020-01-30 16:41:57+00:00,3843000000.0,2.56,2.56,0.76,9282000000.0,2.53,3731000000.0,9988000000.0,17167000000.0,17167000000.0,16968000000.0,199000000.0,46022000000.0,130402000000.0,-746000000.0,-482000000.0,36074000000.0,46022000000.0,84380000000.0,4031000000.0,,58705000000.0,25675000000.0,-4777000000.0,20898000000.0,130402000000.0,6628100000.0,6628100000.0,6706700000.0
Comcast Corp,CMCSA,,1166691,2018.0,Q4,2018-10-01,2018-12-31,,2093000000.0,1.17,1.17,0.42,3212000000.0,1.17,837000000.0,5064000000.0,7887000000.0,7887000000.0,7748000000.0,139000000.0,25582000000.0,63741000000.0,-838000000.0,-141000000.0,16751000000.0,25582000000.0,38159000000.0,1618000000.0,,26979000000.0,11180000000.0,-2456000000.0,8724000000.0,63741000000.0,6628100000.0,6628100000.0,6706700000.0
Comcast Corp,CMCSA,,1166691,2018.0,Q3,2018-07-01,2018-09-30,2019-10-24 15:28:40+00:00,580000000.0,0.63,0.63,,2038000000.0,0.62,999000000.0,1667000000.0,2896000000.0,2896000000.0,2886000000.0,10000000.0,6711000000.0,22135000000.0,-111000000.0,-141000000.0,6444000000.0,6711000000.0,15424000000.0,830000000.0,,10588000000.0,4836000000.0,-941000000.0,3895000000.0,22135000000.0,4581000000.0,4581000000.0,4654800000.0
Comcast Corp,CMCSA,,1166691,2018.0,Q3YTD,2018-01-01,2018-09-30,,1750000000.0,2.01,2.01,0.59,6070000000.0,2.01,2894000000.0,4924000000.0,9280000000.0,9280000000.0,9220000000.0,60000000.0,20440000000.0,66661000000.0,92000000.0,-341000000.0,19323000000.0,20440000000.0,46221000000.0,2413000000.0,,31726000000.0,14495000000.0,-2321000000.0,12174000000.0,66661000000.0,4581000000.0,4581000000.0,4654800000.0
Comcast Corp,CMCSA,,1166691,2018.0,Q3TTM,2017-10-01,2018-09-30,,3368000000.0,6.4,6.4,2.24,9102000000.0,6.4,-8321000000.0,9355000000.0,29545000000.0,29545000000.0,29299000000.0,246000000.0,41621000000.0,121686000000.0,70000000.0,-678000000.0,33817000000.0,41621000000.0,80065000000.0,3947000000.0,,54964000000.0,25101000000.0,-3877000000.0,21224000000.0,121686000000.0,4581000000.0,4581000000.0,4654800000.0
Comcast Corp,CMCSA,,1166691,2018.0,Q2,2018-04-01,2018-06-30,2019-07-25 15:37:50+00:00,582000000.0,0.7,0.7,,2021000000.0,0.69,1077000000.0,1653000000.0,3208000000.0,3208000000.0,3216000000.0,-8000000.0,6300000000.0,21735000000.0,77000000.0,-200000000.0,6365000000.0,6300000000.0,15435000000.0,806000000.0,,10421000000.0,5014000000.0,-729000000.0,4285000000.0,21735000000.0,4594300000.0,4594300000.0,4660900000.0
Comcast Corp,CMCSA,,1166691,2018.0,Q2YTD,2018-01-01,2018-06-30,,1170000000.0,1.38,1.38,0.38,4032000000.0,1.38,1895000000.0,3257000000.0,6384000000.0,6384000000.0,6334000000.0,50000000.0,13729000000.0,44526000000.0,203000000.0,-200000000.0,12879000000.0,13729000000.0,30797000000.0,1583000000.0,,21138000000.0,9659000000.0,-1380000000.0,8279000000.0,44526000000.0,4594300000.0,4594300000.0,4660900000.0
Comcast Corp,CMCSA,,1166691,2018.0,Q2TTM,2017-07-01,2018-06-30,,3343000000.0,6.32,6.32,2.2,9055000000.0,6.32,-7911000000.0,9292000000.0,29323000000.0,29323000000.0,29055000000.0,268000000.0,40969000000.0,120632000000.0,251000000.0,-979000000.0,33908000000.0,40969000000.0,79663000000.0,3883000000.0,,54619000000.0,25044000000.0,-3632000000.0,21412000000.0,120632000000.0,4594300000.0,4594300000.0,4660900000.0
Comcast Corp,CMCSA,,1166691,2018.0,Q1,2018-01-01,2018-03-31,2019-04-25 15:33:21+00:00,588000000.0,0.67,0.67,0.19,2011000000.0,0.66,818000000.0,1604000000.0,3176000000.0,3176000000.0,3118000000.0,58000000.0,7429000000.0,22791000000.0,126000000.0,,6514000000.0,7429000000.0,15362000000.0,777000000.0,,10717000000.0,4645000000.0,-651000000.0,3994000000.0,22791000000.0,4653700000.0,4653700000.0,4724200000.0
Comcast Corp,CMCSA,,1166691,2018.0,Q1TTM,2017-04-01,2018-03-31,,3298000000.0,6.09,6.09,2.15,9004000000.0,6.09,-7621000000.0,9352000000.0,28657000000.0,28657000000.0,28360000000.0,297000000.0,40999000000.0,120183000000.0,273000000.0,-779000000.0,33711000000.0,40999000000.0,79184000000.0,3835000000.0,,54586000000.0,24598000000.0,-3562000000.0,21036000000.0,120183000000.0,4653700000.0,4653700000.0,4724200000.0
Comcast Corp,CMCSA,,1166691,2019.0,Q4,2019-10-01,2019-12-31,,2181000000.0,0.69,0.69,-0.21,3125000000.0,0.68,1181000000.0,4624000000.0,9164000000.0,9164000000.0,8946000000.0,218000000.0,23762000000.0,62419000000.0,323000000.0,,16854000000.0,23762000000.0,38657000000.0,1851000000.0,,26784000000.0,11873000000.0,-1528000000.0,10345000000.0,62419000000.0,6564800000.0,6564800000.0,6657600000.0
Comcast Corp,CMCSA,,1166691,2019.0,FY,2019-01-01,2019-12-31,2020-01-30 16:41:57+00:00,5396000000.0,2.87,2.87,0.84,9686000000.0,2.83,3993000000.0,10298000000.0,19287000000.0,19287000000.0,18841000000.0,446000000.0,48902000000.0,142963000000.0,834000000.0,0.0,40930000000.0,48902000000.0,94061000000.0,5305000000.0,,66310000000.0,27751000000.0,-4471000000.0,23280000000.0,142963000000.0,6564800000.0,6564800000.0,6657600000.0
Comcast Corp,CMCSA,,1166691,2019.0,Q3,2019-07-01,2019-09-30,2019-10-24 15:28:40+00:00,1056000000.0,0.71,0.71,,2124000000.0,0.7,775000000.0,1901000000.0,3288000000.0,3288000000.0,3217000000.0,71000000.0,8316000000.0,26827000000.0,-110000000.0,0.0,8090000000.0,8316000000.0,18511000000.0,1167000000.0,,13171000000.0,5340000000.0,-1277000000.0,4063000000.0,26827000000.0,4531000000.0,4531000000.0,4595700000.0
Comcast Corp,CMCSA,,1166691,2019.0,Q3YTD,2019-01-01,2019-09-30,,3215000000.0,2.18,2.18,0.66,6561000000.0,2.18,2812000000.0,5674000000.0,10123000000.0,10123000000.0,9895000000.0,228000000.0,25140000000.0,80544000000.0,511000000.0,,24076000000.0,25140000000.0,55404000000.0,3454000000.0,,39526000000.0,15878000000.0,-2943000000.0,12935000000.0,80544000000.0,4531000000.0,4531000000.0,4595700000.0
Comcast Corp,CMCSA,,1166691,2019.0,Q3TTM,2018-10-01,2019-09-30,,5308000000.0,3.89,3.89,1.28,9773000000.0,3.89,3649000000.0,10738000000.0,18010000000.0,18010000000.0,17643000000.0,367000000.0,50722000000.0,144285000000.0,-327000000.0,-141000000.0,40827000000.0,50722000000.0,93563000000.0,5072000000.0,,66505000000.0,27058000000.0,-5399000000.0,21659000000.0,144285000000.0,4531000000.0,4531000000.0,4595700000.0
Comcast Corp,CMCSA,,1166691,2019.0,Q2,2019-04-01,2019-06-30,2019-07-25 15:37:50+00:00,1079000000.0,0.69,0.69,,2197000000.0,0.68,961000000.0,1885000000.0,3203000000.0,3203000000.0,3125000000.0,78000000.0,8255000000.0,26858000000.0,-55000000.0,0.0,8086000000.0,8255000000.0,18603000000.0,1137000000.0,,13247000000.0,5356000000.0,-1192000000.0,4164000000.0,26858000000.0,4529000000.0,4529000000.0,4595600000.0
Comcast Corp,CMCSA,,1166691,2019.0,Q2YTD,2019-01-01,2019-06-30,,2159000000.0,1.47,1.47,0.44,4437000000.0,1.47,2037000000.0,3773000000.0,6835000000.0,6835000000.0,6678000000.0,157000000.0,16824000000.0,53717000000.0,621000000.0,,15986000000.0,16824000000.0,36893000000.0,2287000000.0,,26355000000.0,10538000000.0,-1666000000.0,8872000000.0,53717000000.0,4529000000.0,4529000000.0,4595600000.0
Comcast Corp,CMCSA,,1166691,2019.0,Q2TTM,2018-07-01,2019-06-30,,4832000000.0,3.82,3.82,1.25,9687000000.0,3.82,3873000000.0,10504000000.0,17618000000.0,17618000000.0,17312000000.0,306000000.0,49117000000.0,139593000000.0,-328000000.0,-282000000.0,39181000000.0,49117000000.0,90476000000.0,4735000000.0,,63922000000.0,26554000000.0,-5063000000.0,21491000000.0,139593000000.0,4529000000.0,4529000000.0,4595600000.0
Comcast Corp,CMCSA,,1166691,2019.0,Q1,2019-01-01,2019-03-31,2020-04-30 15:24:15+00:00,1080000000.0,0.78,0.78,0.21,2240000000.0,0.77,1076000000.0,1888000000.0,3632000000.0,3632000000.0,3553000000.0,79000000.0,8569000000.0,26859000000.0,676000000.0,,7900000000.0,8569000000.0,18290000000.0,1150000000.0,,13108000000.0,5182000000.0,-474000000.0,4708000000.0,26859000000.0,4555100000.0,4555100000.0,4614300000.0
Comcast Corp,CMCSA,,1166691,2019.0,Q1TTM,2018-04-01,2019-03-31,,4335000000.0,3.82,3.82,1.23,9511000000.0,3.82,3989000000.0,10272000000.0,17623000000.0,17623000000.0,17403000000.0,220000000.0,47162000000.0,134470000000.0,-196000000.0,-482000000.0,37460000000.0,47162000000.0,87308000000.0,4404000000.0,,61096000000.0,26212000000.0,-4600000000.0,21612000000.0,134470000000.0,4555100000.0,4555100000.0,4614300000.0
Comcast Corp,CMCSA,,1166691,2020.0,Q1TTM,2019-04-01,2020-03-31,,5473000000.0,2.56,2.56,0.02,9553000000.0,2.52,3617000000.0,10348000000.0,17879000000.0,17879000000.0,17435000000.0,444000000.0,48634000000.0,142713000000.0,-558000000.0,,41284000000.0,48634000000.0,94079000000.0,5367000000.0,,66658000000.0,27421000000.0,-5925000000.0,21496000000.0,142713000000.0,4568100000.0,4568100000.0,4667400000.0
Comcast Corp,CMCSA,,1166691,2020.0,Q1,2020-01-01,2020-03-31,2020-04-30 15:24:15+00:00,1157000000.0,0.47,0.47,0.23,2107000000.0,0.46,700000000.0,1938000000.0,2224000000.0,2224000000.0,2147000000.0,77000000.0,8301000000.0,26609000000.0,-716000000.0,,8254000000.0,8301000000.0,18308000000.0,1212000000.0,,13456000000.0,4852000000.0,-1928000000.0,2924000000.0,26609000000.0,4568100000.0,4568100000.0,4667400000.0
