company_name,company_ticker,company_lei,company_cik,year,quarter,start_date,end_date,filing_date,basicdilutedeps,basiceps,cashdividendspershare,depreciationexpense,dilutedeps,impairmentexpense,incometaxexpense,netincome,netincomecontinuing,netincometocommon,netincometononcontrollinginterest,operatingcostofrevenue,operatingrevenue,otherincome,otheroperatingexpenses,otherrevenue,otherspecialcharges,restructuringcharge,sgaexpense,totalcostofrevenue,totalgrossprofit,totalinterestexpense,totalinterestincome,totaloperatingexpenses,totaloperatingincome,totalotherincome,totalpretaxincome,totalrevenue,weightedavebasicdilutedsharesos,weightedavebasicsharesos,weightedavedilutedsharesos
MGM Resorts International,MGM,,789570,2008.0,FY,2008-01-01,2008-12-31,2011-02-28 16:25:14+00:00,-3.06,-3.06,,778236000.0,-3.06,,186298000.0,-855286000.0,-855286000.0,-855286000.0,,3480693000.0,7884195000.0,69901000.0,1764430000.0,-675428000.0,-73212000.0,,1388223000.0,3480693000.0,3728074000.0,609286000.0,,3857677000.0,-129603000.0,-539385000.0,-668988000.0,7208767000.0,279500000.0,279500000.0,279500000.0
MGM Resorts International,MGM,,789570,2009.0,FY,2009-01-01,2009-12-31,2012-02-29 06:01:39+00:00,-3.41,-3.41,,689273000.0,-3.41,,-720911000.0,-1291682000.0,-1291682000.0,-1291682000.0,,3078428000.0,6676281000.0,-273286000.0,1821566000.0,-665693000.0,141240000.0,,1243957000.0,3078428000.0,2932160000.0,775431000.0,,3896036000.0,-963876000.0,-1048717000.0,-2012593000.0,6010588000.0,378513000.0,378513000.0,378513000.0
MGM Resorts International,MGM,,789570,2009.0,Q3,2009-07-01,2009-09-30,2010-11-05 16:51:31+00:00,-1.7,-1.7,,170651000.0,-1.7,,-407860000.0,-750388000.0,-750388000.0,-750388000.0,,764032000.0,1705421000.0,-13787000.0,1096314000.0,-172198000.0,142951000.0,,322694000.0,764032000.0,769191000.0,181899000.0,857000.0,1732610000.0,-963419000.0,-194829000.0,-1158248000.0,1533223000.0,441400000.0,441400000.0,441400000.0
MGM Resorts International,MGM,,789570,2009.0,Q2,2009-04-01,2009-06-30,2010-08-06 20:36:43+00:00,-0.6,-0.6,,174368000.0,-0.6,,-97812000.0,-212575000.0,-212575000.0,-212575000.0,,740505000.0,1655210000.0,-246495000.0,126325000.0,-161055000.0,5235000.0,,316623000.0,740505000.0,753650000.0,201287000.0,6296000.0,622551000.0,131099000.0,-441486000.0,-310387000.0,1494155000.0,354300000.0,354300000.0,354300000.0
MGM Resorts International,MGM,,789570,2010.0,Q4,2010-10-01,2010-12-31,,-0.47,-0.25,,146666000.0,-0.25,,-45845000.0,-139189000.0,-139189000.0,-139189000.0,,947641000.0,1638710000.0,-19147000.0,-4852000.0,-154547000.0,-27089000.0,,314587000.0,947641000.0,536522000.0,273097000.0,,429312000.0,107210000.0,-292244000.0,-185034000.0,1484163000.0,450449000.0,450449000.0,450449000.0
MGM Resorts International,MGM,,789570,2010.0,FY,2010-01-01,2010-12-31,2013-02-28 19:49:54+00:00,-3.19,-3.19,,633423000.0,-3.19,,-778628000.0,-1437397000.0,-1437397000.0,-1437397000.0,,3433927000.0,6689529000.0,56486000.0,1811857000.0,-633528000.0,82681000.0,,1253044000.0,3433927000.0,2622074000.0,1113580000.0,,3781005000.0,-1158931000.0,-1057094000.0,-2216025000.0,6056001000.0,450449000.0,450449000.0,450449000.0
MGM Resorts International,MGM,,789570,2010.0,Q3YTD,2010-01-01,2010-09-30,,-2.72,-2.94,,486757000.0,-2.94,,-732783000.0,-1298208000.0,-1298208000.0,-1298208000.0,,2486286000.0,5050819000.0,75633000.0,1816709000.0,-478981000.0,109770000.0,,938457000.0,2486286000.0,2085552000.0,840483000.0,,3351693000.0,-1266141000.0,-764850000.0,-2030991000.0,4571838000.0,441328000.0,441328000.0,441328000.0
MGM Resorts International,MGM,,789570,2010.0,Q3,2010-07-01,2010-09-30,2011-11-04 20:11:58+00:00,-0.72,-0.72,,158857000.0,-0.72,,-192936000.0,-317991000.0,-317991000.0,-317991000.0,,842460000.0,1728450000.0,-19887000.0,449903000.0,-161333000.0,-1373000.0,,323171000.0,842460000.0,724657000.0,285139000.0,,930558000.0,-205901000.0,-305026000.0,-510927000.0,1567117000.0,441328000.0,441328000.0,441328000.0
MGM Resorts International,MGM,,789570,2010.0,Q2YTD,2010-01-01,2010-06-30,,-2.0,-2.22,,327900000.0,-2.22,,-539847000.0,-980217000.0,-980217000.0,-980217000.0,,1643826000.0,3322369000.0,95520000.0,1366806000.0,-317648000.0,111143000.0,,615286000.0,1643826000.0,1360895000.0,555344000.0,,2421135000.0,-1060240000.0,-459824000.0,-1520064000.0,3004721000.0,441297000.0,441297000.0,441297000.0
MGM Resorts International,MGM,,789570,2010.0,Q2,2010-04-01,2010-06-30,2011-08-31 18:31:50+00:00,-2.0,-2.0,,164766000.0,-2.0,,-479495000.0,-883476000.0,-883476000.0,-883476000.0,,843173000.0,1706880000.0,-22985000.0,1247122000.0,-159551000.0,26731000.0,,314354000.0,843173000.0,704156000.0,291169000.0,,1752973000.0,-1048817000.0,-314154000.0,-1362971000.0,1547329000.0,441297000.0,441297000.0,441297000.0
MGM Resorts International,MGM,,789570,2010.0,Q1,2010-01-01,2010-03-31,2011-05-06 16:16:20+00:00,,-0.22,,163134000.0,-0.22,,-60352000.0,-96741000.0,-96741000.0,-96741000.0,,800653000.0,1615489000.0,118505000.0,119684000.0,-158097000.0,84412000.0,,300932000.0,800653000.0,656739000.0,264175000.0,,668162000.0,-11423000.0,-145670000.0,-157093000.0,1457392000.0,,439700000.0,439700000.0
MGM Resorts International,MGM,,789570,2011.0,Q4,2011-10-01,2011-12-31,,-0.24,-0.24,,237762000.0,-0.17,,-190876000.0,-19301000.0,-19301000.0,-113691000.0,94390000.0,1503501000.0,2482337000.0,-27132000.0,97445000.0,-185448000.0,4815000.0,,362259000.0,1503501000.0,793388000.0,274152000.0,,702281000.0,91107000.0,-301284000.0,-210177000.0,2296889000.0,488652000.0,488652000.0,554200000.0
MGM Resorts International,MGM,,789570,2011.0,FY,2011-01-01,2011-12-31,2014-02-28 18:21:26+00:00,6.37,6.37,,817146000.0,5.62,,-403313000.0,3234944000.0,3234944000.0,3114637000.0,120307000.0,4650802000.0,8532735000.0,-138683000.0,554157000.0,-683423000.0,-3587415000.0,,1357476000.0,4650802000.0,3198510000.0,1086832000.0,,-858636000.0,4057146000.0,-1225515000.0,2831631000.0,7849312000.0,488652000.0,488652000.0,554200000.0
MGM Resorts International,MGM,,789570,2011.0,Q3YTD,2011-01-01,2011-09-30,,6.61,6.61,,579384000.0,5.79,,-212437000.0,3254245000.0,3254245000.0,3228328000.0,25917000.0,3147301000.0,6050398000.0,-111551000.0,456712000.0,-497975000.0,-3592230000.0,,995217000.0,3147301000.0,2405122000.0,812680000.0,,-1560917000.0,3966039000.0,-924231000.0,3041808000.0,5552423000.0,488636000.0,488636000.0,488636000.0
MGM Resorts International,MGM,,789570,2011.0,Q3TTM,2010-10-01,2011-09-30,,6.14,6.36,,726050000.0,5.54,,-258282000.0,3115056000.0,3115056000.0,3089139000.0,25917000.0,4094942000.0,7689108000.0,-130698000.0,451860000.0,-652522000.0,-3619319000.0,,1309804000.0,4094942000.0,2941644000.0,1085777000.0,,-1131605000.0,4073249000.0,-1216475000.0,2856774000.0,7036586000.0,488636000.0,488636000.0,488636000.0
MGM Resorts International,MGM,,789570,2011.0,Q3,2011-07-01,2011-09-30,2012-11-08 18:03:46+00:00,-0.25,-0.25,,249520000.0,-0.25,,-79680000.0,-106575000.0,-106575000.0,-123786000.0,17211000.0,1313093000.0,2419823000.0,-26287000.0,211367000.0,-186236000.0,-539000.0,,347572000.0,1313093000.0,920494000.0,272542000.0,,807920000.0,112574000.0,-298829000.0,-186255000.0,2233587000.0,488636000.0,488636000.0,488636000.0
MGM Resorts International,MGM,,789570,2011.0,Q2YTD,2011-01-01,2011-06-30,,6.86,6.86,,329864000.0,6.04,,-132757000.0,3360820000.0,3360820000.0,3352114000.0,8706000.0,1834208000.0,3630575000.0,-85264000.0,245345000.0,-311739000.0,-3591691000.0,,647645000.0,1834208000.0,1484628000.0,540138000.0,,-2368837000.0,3853465000.0,-625402000.0,3228063000.0,3318836000.0,488609000.0,488609000.0,553400000.0
MGM Resorts International,MGM,,789570,2011.0,Q2TTM,2010-07-01,2011-06-30,,5.67,5.89,,635387000.0,5.07,,-371538000.0,2903640000.0,2903640000.0,2894934000.0,8706000.0,3624309000.0,6997735000.0,-124298000.0,690396000.0,-627619000.0,-3620153000.0,,1285403000.0,3624309000.0,2745807000.0,1098374000.0,,-1008967000.0,3754774000.0,-1222672000.0,2532102000.0,6370116000.0,488609000.0,488609000.0,553400000.0
MGM Resorts International,MGM,,789570,2011.0,Q2,2011-04-01,2011-06-30,2012-08-08 19:30:37+00:00,7.04,7.04,,177467000.0,6.22,,-78174000.0,3450691000.0,3450691000.0,3441985000.0,8706000.0,1003624000.0,1968940000.0,-41019000.0,127884000.0,-162955000.0,-3528348000.0,,341598000.0,1003624000.0,802361000.0,270224000.0,,-2881399000.0,3683760000.0,-311243000.0,3372517000.0,1805985000.0,488609000.0,488609000.0,553400000.0
MGM Resorts International,MGM,,789570,2011.0,Q1TTM,2010-04-01,2011-03-31,,-3.37,-3.15,,622686000.0,-3.15,,-772859000.0,-1430527000.0,-1430527000.0,-1430527000.0,,3463858000.0,6735675000.0,-106264000.0,1809634000.0,-624215000.0,-65074000.0,,1258159000.0,3463858000.0,2647602000.0,1119319000.0,,3625405000.0,-977803000.0,-1225583000.0,-2203386000.0,6111460000.0,488539000.0,488539000.0,488539000.0
MGM Resorts International,MGM,,789570,2011.0,Q1,2011-01-01,2011-03-31,2012-05-07 19:27:55+00:00,-0.18,-0.18,,152397000.0,-0.18,,-54583000.0,-89871000.0,-89871000.0,-89871000.0,,830584000.0,1661635000.0,-44245000.0,117461000.0,-148784000.0,-63343000.0,,306047000.0,830584000.0,682267000.0,269914000.0,,512562000.0,169705000.0,-314159000.0,-144454000.0,1512851000.0,488539000.0,488539000.0,488539000.0
MGM Resorts International,MGM,,789570,2012.0,FY,2012-01-01,2012-12-31,2015-03-02 14:37:23+00:00,-3.62,-3.62,,927697000.0,-3.62,,-117301000.0,-1616912000.0,-1616912000.0,-1767691000.0,150779000.0,5564348000.0,9901669000.0,-739206000.0,1053740000.0,-740825000.0,18927000.0,,1474781000.0,5564348000.0,3596496000.0,1116358000.0,,3475145000.0,121351000.0,-1855564000.0,-1734213000.0,9160844000.0,488988000.0,488300000.0,488300000.0
MGM Resorts International,MGM,,789570,2012.0,Q2YTD,2012-01-01,2012-06-30,,-0.74,-0.74,,472452000.0,-0.74,,-24175000.0,-273741000.0,-273741000.0,-362705000.0,88964000.0,2797301000.0,4978979000.0,-105232000.0,268731000.0,-367624000.0,7323000.0,,697567000.0,2797301000.0,1814054000.0,560665000.0,,1446073000.0,367981000.0,-665897000.0,-297916000.0,4611355000.0,488931000.0,488931000.0,488931000.0
MGM Resorts International,MGM,,789570,2012.0,Q2TTM,2011-07-01,2012-06-30,,-1.23,-1.23,,959734000.0,-1.16,,-294731000.0,-399617000.0,-399617000.0,-600182000.0,200565000.0,5613895000.0,9881139000.0,-158651000.0,577543000.0,-739308000.0,11599000.0,,1407398000.0,5613895000.0,3527936000.0,1107359000.0,,2956274000.0,571662000.0,-1266010000.0,-694348000.0,9141831000.0,488931000.0,488931000.0,488931000.0
MGM Resorts International,MGM,,789570,2012.0,Q2,2012-04-01,2012-06-30,2013-08-07 17:50:39+00:00,-0.3,-0.3,,235643000.0,-0.3,,-51304000.0,-70434000.0,-70434000.0,-145452000.0,75018000.0,1387689000.0,2506686000.0,-20790000.0,179026000.0,-182921000.0,-5986000.0,,352018000.0,1387689000.0,936076000.0,276323000.0,,760701000.0,175375000.0,-297113000.0,-121738000.0,2323765000.0,488931000.0,488931000.0,488931000.0
MGM Resorts International,MGM,,789570,2012.0,Q1TTM,2011-04-01,2012-03-31,,6.11,6.11,,901558000.0,5.36,,-321601000.0,3121508000.0,3121508000.0,2987255000.0,134253000.0,5229830000.0,9343393000.0,-178880000.0,526401000.0,-719342000.0,-3510763000.0,,1396978000.0,5229830000.0,3394221000.0,1101260000.0,,-685826000.0,4080047000.0,-1280140000.0,2799907000.0,8624051000.0,488861000.0,488861000.0,488861000.0
MGM Resorts International,MGM,,789570,2012.0,Q1,2012-01-01,2012-03-31,2013-05-08 17:01:33+00:00,-0.44,-0.44,,236809000.0,-0.44,,27129000.0,-203307000.0,-203307000.0,-217253000.0,13946000.0,1409612000.0,2472293000.0,-84442000.0,89705000.0,-184703000.0,13309000.0,,345549000.0,1409612000.0,877978000.0,284342000.0,,685372000.0,192606000.0,-368784000.0,-176178000.0,2287590000.0,488861000.0,488861000.0,488861000.0
MGM Resorts International,MGM,,789570,2013.0,FY,2013-01-01,2013-12-31,2016-02-29 06:14:09+00:00,-0.35,-0.35,,849225000.0,-0.35,,20816000.0,41374000.0,41374000.0,-171734000.0,213108000.0,5872464000.0,10564193000.0,-217744000.0,511013000.0,-754530000.0,-55515000.0,,1495195000.0,5872464000.0,3937199000.0,857347000.0,,2799918000.0,1137281000.0,-1075091000.0,62190000.0,9809663000.0,489661000.0,490700000.0,490700000.0
MGM Resorts International,MGM,,789570,2013.0,Q4,2013-10-01,2013-12-31,,-0.12,-0.12,,207474000.0,-0.12,,948000.0,16203000.0,16203000.0,-63009000.0,79212000.0,1500527000.0,2705984000.0,-115453000.0,106660000.0,-192771000.0,-23458000.0,,380945000.0,1500527000.0,1012686000.0,208461000.0,,671621000.0,341065000.0,-323914000.0,17151000.0,2513213000.0,489661000.0,490700000.0,490700000.0
MGM Resorts International,MGM,,789570,2013.0,Q3YTD,2013-01-01,2013-09-30,,-0.23,-0.23,,641751000.0,-0.23,,19868000.0,25171000.0,25171000.0,-108725000.0,133896000.0,4371937000.0,7858209000.0,-102291000.0,404353000.0,-561759000.0,-32057000.0,,1114250000.0,4371937000.0,2924513000.0,648886000.0,,2128297000.0,796216000.0,-751177000.0,45039000.0,7296450000.0,446300000.0,446300000.0,446300000.0
MGM Resorts International,MGM,,789570,2013.0,Q3,2013-07-01,2013-09-30,2014-11-07 06:05:43+00:00,-0.05,-0.05,,211682000.0,-0.05,,-14428000.0,33171000.0,33171000.0,-22313000.0,55484000.0,1472138000.0,2653516000.0,-35115000.0,134066000.0,-190479000.0,-14683000.0,,397037000.0,1472138000.0,990899000.0,208939000.0,,728102000.0,262797000.0,-244054000.0,18743000.0,2463037000.0,446300000.0,446300000.0,446300000.0
MGM Resorts International,MGM,,789570,2013.0,Q2YTD,2013-01-01,2013-06-30,,-0.18,-0.18,,430069000.0,-0.18,,34296000.0,-8000000.0,-8000000.0,-86412000.0,78412000.0,2899799000.0,5204693000.0,-67176000.0,270287000.0,-371280000.0,-17374000.0,,717213000.0,2899799000.0,1933614000.0,439947000.0,,1400195000.0,533419000.0,-507123000.0,26296000.0,4833413000.0,489484000.0,489484000.0,489484000.0
MGM Resorts International,MGM,,789570,2013.0,Q2TTM,2012-07-01,2013-06-30,,-3.06,-3.06,,885314000.0,-3.06,,-58830000.0,-1351171000.0,-1351171000.0,-1491398000.0,140227000.0,5666846000.0,10127383000.0,-701150000.0,1055296000.0,-744481000.0,-5770000.0,,1494427000.0,5666846000.0,3716056000.0,995640000.0,,3429267000.0,286789000.0,-1696790000.0,-1410001000.0,9382902000.0,489484000.0,489484000.0,489484000.0
MGM Resorts International,MGM,,789570,2013.0,Q2,2013-04-01,2013-06-30,2014-08-08 17:36:45+00:00,-0.19,-0.19,,218151000.0,-0.19,,3865000.0,-30578000.0,-30578000.0,-92958000.0,62380000.0,1489929000.0,2669518000.0,-43815000.0,178071000.0,-188253000.0,-3176000.0,,366688000.0,1489929000.0,991336000.0,214500000.0,,759734000.0,231602000.0,-258315000.0,-26713000.0,2481265000.0,489484000.0,489484000.0,489484000.0
MGM Resorts International,MGM,,789570,2013.0,Q1TTM,2012-04-01,2013-03-31,,-3.17,-3.17,,902806000.0,-3.17,,-113999000.0,-1391027000.0,-1391027000.0,-1543892000.0,152865000.0,5564606000.0,9964551000.0,-678125000.0,1056251000.0,-739149000.0,-8580000.0,,1479757000.0,5564606000.0,3660796000.0,1057463000.0,,3430234000.0,230562000.0,-1735588000.0,-1505026000.0,9225402000.0,654600000.0,654600000.0,654600000.0
MGM Resorts International,MGM,,789570,2013.0,Q1,2013-01-01,2013-03-31,2014-05-07 18:01:36+00:00,0.01,0.01,,211918000.0,0.01,,30431000.0,22578000.0,22578000.0,6546000.0,16032000.0,1409870000.0,2535175000.0,-23361000.0,92216000.0,-183027000.0,-14198000.0,,350525000.0,1409870000.0,942278000.0,225447000.0,,640461000.0,301817000.0,-248808000.0,53009000.0,2352148000.0,654600000.0,654600000.0,654600000.0
MGM Resorts International,MGM,,789570,2014.0,FY,2014-01-01,2014-12-31,2017-03-01 06:23:57+00:00,-0.31,-0.31,,815765000.0,-0.31,0.0,283708000.0,127178000.0,127178000.0,-149873000.0,277051000.0,5946583000.0,10848264000.0,-95591000.0,463117000.0,-766280000.0,-24579000.0,0.0,1557560000.0,5946583000.0,4135401000.0,817061000.0,,2811863000.0,1323538000.0,-912652000.0,410886000.0,10081984000.0,490875000.0,490875000.0,490875000.0
MGM Resorts International,MGM,,789570,2014.0,Q4,2014-10-01,2014-12-31,,-0.7,-0.7,,202654000.0,-0.69,,328109000.0,-287472000.0,-287472000.0,-342263000.0,54791000.0,1397893000.0,2582370000.0,-24573000.0,109140000.0,-196824000.0,15756000.0,,393990000.0,1397893000.0,987653000.0,200903000.0,,721540000.0,266113000.0,-225476000.0,40637000.0,2385546000.0,490875000.0,490875000.0,490875000.0
MGM Resorts International,MGM,,789570,2014.0,Q3,2014-07-01,2014-09-30,2015-11-06 06:30:49+00:00,-0.04,-0.04,,202386000.0,-0.04,,10208000.0,50382000.0,50382000.0,-20270000.0,70652000.0,1483301000.0,2677491000.0,-23064000.0,116551000.0,-192484000.0,-12770000.0,,409050000.0,1483301000.0,1001706000.0,202835000.0,,715217000.0,286489000.0,-225899000.0,60590000.0,2485007000.0,490914000.0,490914000.0,490914000.0
MGM Resorts International,MGM,,789570,2014.0,Q3YTD,2014-01-01,2014-09-30,,0.39,0.39,,613111000.0,0.38,,-44401000.0,414650000.0,414650000.0,192390000.0,222260000.0,4548690000.0,8265894000.0,-71018000.0,353977000.0,-569456000.0,-40335000.0,,1163570000.0,4548690000.0,3147748000.0,616158000.0,,2090323000.0,1057425000.0,-687176000.0,370249000.0,7696438000.0,490914000.0,490914000.0,490914000.0
MGM Resorts International,MGM,,789570,2014.0,Q3TTM,2013-10-01,2014-09-30,,0.27,0.27,,820585000.0,0.26,,-43453000.0,430853000.0,430853000.0,129381000.0,301472000.0,6049217000.0,10971878000.0,-186471000.0,460637000.0,-762227000.0,-63793000.0,,1544515000.0,6049217000.0,4160434000.0,824619000.0,,2761944000.0,1398490000.0,-1011090000.0,387400000.0,10209651000.0,490914000.0,490914000.0,490914000.0
MGM Resorts International,MGM,,789570,2014.0,Q2YTD,2014-01-01,2014-06-30,,0.43,0.43,,410725000.0,0.42,,-54609000.0,364268000.0,364268000.0,212660000.0,151608000.0,3065389000.0,5588403000.0,-47954000.0,237426000.0,-376972000.0,-27565000.0,,754520000.0,3065389000.0,2146042000.0,413323000.0,,1375106000.0,770936000.0,-461277000.0,309659000.0,5211431000.0,490786000.0,490786000.0,490786000.0
MGM Resorts International,MGM,,789570,2014.0,Q2TTM,2013-07-01,2014-06-30,,0.26,0.26,,829881000.0,0.25,,-68089000.0,413642000.0,413642000.0,127338000.0,286304000.0,6038054000.0,10947903000.0,-198522000.0,478152000.0,-760222000.0,-65706000.0,,1532502000.0,6038054000.0,4149627000.0,830723000.0,,2774829000.0,1374798000.0,-1029245000.0,345553000.0,10187681000.0,490786000.0,490786000.0,490786000.0
MGM Resorts International,MGM,,789570,2014.0,Q2,2014-04-01,2014-06-30,2015-08-07 06:08:43+00:00,0.22,0.22,,203070000.0,0.22,,-51945000.0,178168000.0,178168000.0,110008000.0,68160000.0,1514231000.0,2770398000.0,-24305000.0,137931000.0,-189365000.0,-10586000.0,,381923000.0,1514231000.0,1066802000.0,203936000.0,,712338000.0,354464000.0,-228241000.0,126223000.0,2581033000.0,490786000.0,490786000.0,490786000.0
MGM Resorts International,MGM,,789570,2014.0,Q1TTM,2013-04-01,2014-03-31,,-0.15,-0.15,,844962000.0,-0.16,,-12279000.0,204896000.0,204896000.0,-75628000.0,280524000.0,6013752000.0,10847023000.0,-218032000.0,518292000.0,-759110000.0,-58296000.0,,1517267000.0,6013752000.0,4074161000.0,841287000.0,,2822225000.0,1251936000.0,-1059319000.0,192617000.0,10087913000.0,490542000.0,490542000.0,490542000.0
MGM Resorts International,MGM,,789570,2014.0,Q1,2014-01-01,2014-03-31,2015-05-07 18:35:31+00:00,0.21,0.21,,207655000.0,0.2,,-2664000.0,186100000.0,186100000.0,102652000.0,83448000.0,1551158000.0,2818005000.0,-23649000.0,99495000.0,-187607000.0,-16979000.0,,372597000.0,1551158000.0,1079240000.0,209387000.0,,662768000.0,416472000.0,-233036000.0,183436000.0,2630398000.0,490542000.0,490542000.0,490542000.0
MGM Resorts International,MGM,,789570,2015.0,FY,2015-01-01,2015-12-31,2018-03-01 06:04:26+00:00,-0.82,-0.82,0.0,819883000.0,-0.82,1467991000.0,-6594000.0,-1039649000.0,-1039649000.0,-447720000.0,-591929000.0,5215092000.0,9941841000.0,-92432000.0,446235000.0,-751773000.0,-186556000.0,,1583655000.0,5215092000.0,3974976000.0,797579000.0,,4131208000.0,-156232000.0,-890011000.0,-1046243000.0,9190068000.0,546000000.0,542873000.0,542873000.0
MGM Resorts International,MGM,,789570,2015.0,Q4,2015-10-01,2015-12-31,,-1.47,-1.47,,200164000.0,-1.44,1467991000.0,69976000.0,-1473497000.0,-1473497000.0,-781454000.0,-692043000.0,1218149000.0,2375529000.0,-19996000.0,124696000.0,-183656000.0,-19195000.0,,397302000.0,1218149000.0,973724000.0,186291000.0,,2170958000.0,-1197234000.0,-206287000.0,-1403521000.0,2191873000.0,546000000.0,542873000.0,542873000.0
MGM Resorts International,MGM,,789570,2015.0,Q3,2015-07-01,2015-09-30,2016-11-09 06:05:56+00:00,0.12,0.12,,204742000.0,0.12,,-16493000.0,94735000.0,94735000.0,66425000.0,28310000.0,1290422000.0,2464191000.0,-27354000.0,114601000.0,-183375000.0,-40840000.0,0.0,414514000.0,1290422000.0,990394000.0,191781000.0,,693017000.0,297377000.0,-219135000.0,78242000.0,2280816000.0,563287000.0,563287000.0,563287000.0
MGM Resorts International,MGM,,789570,2015.0,Q3YTD,2015-01-01,2015-09-30,,0.65,0.65,,619719000.0,0.62,,-76570000.0,433848000.0,433848000.0,333734000.0,100114000.0,3996943000.0,7566312000.0,-72436000.0,321539000.0,-568117000.0,-167361000.0,,1186353000.0,3996943000.0,3001252000.0,611288000.0,,1960250000.0,1041002000.0,-683724000.0,357278000.0,6998195000.0,563287000.0,563287000.0,563287000.0
MGM Resorts International,MGM,,789570,2015.0,Q3TTM,2014-10-01,2015-09-30,,-0.05,-0.05,,822373000.0,-0.07,,251539000.0,146376000.0,146376000.0,-8529000.0,154905000.0,5394836000.0,10148682000.0,-97009000.0,430679000.0,-764941000.0,-151605000.0,,1580343000.0,5394836000.0,3988905000.0,812191000.0,,2681790000.0,1307115000.0,-909200000.0,397915000.0,9383741000.0,563287000.0,563287000.0,563287000.0
MGM Resorts International,MGM,,789570,2015.0,Q2,2015-04-01,2015-06-30,2016-08-08 06:05:11+00:00,0.18,0.18,,208565000.0,0.17,,-3772000.0,126467000.0,126467000.0,97459000.0,29008000.0,1351400000.0,2581478000.0,-22581000.0,108350000.0,-196343000.0,-25011000.0,,393310000.0,1351400000.0,1033735000.0,203245000.0,,685214000.0,348521000.0,-225826000.0,122695000.0,2385135000.0,551358000.0,551358000.0,551358000.0
MGM Resorts International,MGM,,789570,2015.0,Q2YTD,2015-01-01,2015-06-30,,0.53,0.53,,414977000.0,0.5,,-60077000.0,339113000.0,339113000.0,267309000.0,71804000.0,2706521000.0,5102121000.0,-45082000.0,206938000.0,-384742000.0,-126521000.0,,771839000.0,2706521000.0,2010858000.0,419507000.0,,1267233000.0,743625000.0,-464589000.0,279036000.0,4717379000.0,551358000.0,551358000.0,551358000.0
MGM Resorts International,MGM,,789570,2015.0,Q2TTM,2014-07-01,2015-06-30,,-0.21,-0.21,,820017000.0,-0.23,,278240000.0,102023000.0,102023000.0,-95224000.0,197247000.0,5587715000.0,10361982000.0,-92719000.0,432629000.0,-774050000.0,-123535000.0,,1574879000.0,5587715000.0,4000217000.0,823245000.0,,2703990000.0,1296227000.0,-915964000.0,380263000.0,9587932000.0,551358000.0,551358000.0,551358000.0
MGM Resorts International,MGM,,789570,2015.0,Q1,2015-01-01,2015-03-31,2016-05-06 17:16:02+00:00,0.35,0.35,,206412000.0,0.33,,-56305000.0,212646000.0,212646000.0,169850000.0,42796000.0,1355121000.0,2520643000.0,-22501000.0,98588000.0,-188399000.0,-101510000.0,,378529000.0,1355121000.0,977123000.0,216262000.0,,582019000.0,395104000.0,-238763000.0,156341000.0,2332244000.0,491422000.0,491422000.0,491422000.0
MGM Resorts International,MGM,,789570,2015.0,Q1TTM,2014-04-01,2015-03-31,,-0.17,-0.17,,814522000.0,-0.18,,230067000.0,153724000.0,153724000.0,-82675000.0,236399000.0,5750546000.0,10550902000.0,-94443000.0,462210000.0,-767072000.0,-109110000.0,,1563492000.0,5750546000.0,4033284000.0,823936000.0,,2731114000.0,1302170000.0,-918379000.0,383791000.0,9783830000.0,491422000.0,491422000.0,491422000.0
MGM Resorts International,MGM,,789570,2016.0,FY,2016-01-01,2016-12-31,2019-02-27 14:03:00+00:00,1.94,1.94,,849527000.0,1.92,,21743000.0,1235846000.0,1235846000.0,1100408000.0,135438000.0,5660556000.0,9478269000.0,-125837000.0,17078000.0,,-818330000.0,,1691239000.0,5660556000.0,3817713000.0,694773000.0,,1739514000.0,2078199000.0,-820610000.0,1257589000.0,9478269000.0,567200000.0,568134000.0,573317000.0
MGM Resorts International,MGM,,789570,2016.0,Q4,2016-10-01,2016-12-31,,0.04,0.04,,233052000.0,0.04,,36948000.0,68890000.0,68890000.0,23637000.0,45253000.0,1780599000.0,1919190000.0,-12893000.0,-287218000.0,564776000.0,28592000.0,,448506000.0,1780599000.0,703367000.0,161704000.0,,422932000.0,280435000.0,-174597000.0,105838000.0,2483966000.0,567200000.0,568134000.0,573317000.0
MGM Resorts International,MGM,,789570,2016.0,Q3,2016-07-01,2016-09-30,2017-11-09 12:01:52+00:00,0.94,0.94,0.0,209737000.0,0.93,,-44995000.0,561260000.0,561260000.0,535619000.0,25641000.0,1456390000.0,2727485000.0,-28442000.0,107196000.0,-212370000.0,-430695000.0,,459732000.0,1456390000.0,1058725000.0,168048000.0,,345970000.0,712755000.0,-196490000.0,516265000.0,2515115000.0,569800000.0,568125000.0,573812000.0
MGM Resorts International,MGM,,789570,2016.0,Q3YTD,2016-01-01,2016-09-30,,1.9,1.9,,616475000.0,1.88,,-15205000.0,1166956000.0,1166956000.0,1076771000.0,90185000.0,3879957000.0,7559079000.0,-112944000.0,304296000.0,-564776000.0,-846922000.0,,1242733000.0,3879957000.0,3114346000.0,533069000.0,,1316582000.0,1797764000.0,-646013000.0,1151751000.0,6994303000.0,569800000.0,568125000.0,573812000.0
MGM Resorts International,MGM,,789570,2016.0,Q3TTM,2015-10-01,2016-09-30,,0.43,0.43,,816639000.0,0.44,1467991000.0,54771000.0,-306541000.0,-306541000.0,295317000.0,-601858000.0,5098106000.0,9934608000.0,-132940000.0,428992000.0,-748432000.0,-866117000.0,,1640035000.0,5098106000.0,4088070000.0,719360000.0,,3487540000.0,600530000.0,-852300000.0,-251770000.0,9186176000.0,569800000.0,568125000.0,573812000.0
MGM Resorts International,MGM,,789570,2016.0,Q2,2016-04-01,2016-06-30,2017-08-08 09:01:46+00:00,0.84,0.84,0.0,206899000.0,0.83,,8480000.0,514498000.0,514498000.0,474353000.0,40145000.0,1214142000.0,2448274000.0,-65725000.0,99681000.0,-178772000.0,-423485000.0,,403210000.0,1214142000.0,1055360000.0,180352000.0,,286305000.0,769055000.0,-246077000.0,522978000.0,2269502000.0,564700000.0,565459000.0,570762000.0
MGM Resorts International,MGM,,789570,2016.0,Q2YTD,2016-01-01,2016-06-30,,0.96,0.96,,406738000.0,0.95,,29790000.0,605696000.0,605696000.0,541152000.0,64544000.0,2423567000.0,4831594000.0,-84502000.0,197100000.0,-352406000.0,-416227000.0,,783001000.0,2423567000.0,2055621000.0,365021000.0,,970612000.0,1085009000.0,-449523000.0,635486000.0,4479188000.0,564700000.0,565459000.0,570762000.0
MGM Resorts International,MGM,,789570,2016.0,Q2TTM,2015-07-01,2016-06-30,,-0.39,-0.39,,811644000.0,-0.37,1467991000.0,83273000.0,-773066000.0,-773066000.0,-173877000.0,-599189000.0,4932138000.0,9671314000.0,-131852000.0,436397000.0,-719437000.0,-476262000.0,,1594817000.0,4932138000.0,4019739000.0,743093000.0,,3834587000.0,185152000.0,-874945000.0,-689793000.0,8951877000.0,564700000.0,565459000.0,570762000.0
MGM Resorts International,MGM,,789570,2016.0,Q1,2016-01-01,2016-03-31,2017-05-09 06:06:13+00:00,0.12,0.12,0.0,199839000.0,0.12,,21310000.0,91198000.0,91198000.0,66799000.0,24399000.0,1209425000.0,2383320000.0,-18777000.0,97419000.0,-173634000.0,7258000.0,,379791000.0,1209425000.0,1000261000.0,184669000.0,,684307000.0,315954000.0,-203446000.0,112508000.0,2209686000.0,556700000.0,565056000.0,569455000.0
MGM Resorts International,MGM,,789570,2016.0,Q1TTM,2015-04-01,2016-03-31,,-1.05,-1.05,,813310000.0,-1.03,1467991000.0,71021000.0,-1161097000.0,-1161097000.0,-550771000.0,-610326000.0,5069396000.0,9804518000.0,-88708000.0,445066000.0,-737008000.0,-77788000.0,,1584917000.0,5069396000.0,3998114000.0,765986000.0,,4233496000.0,-235382000.0,-854694000.0,-1090076000.0,9067510000.0,556700000.0,565056000.0,569455000.0
MGM Resorts International,MGM,,789570,2017.0,FY,2017-01-01,2017-12-31,2020-02-27 16:25:40+00:00,3.38,3.38,0.44,993480000.0,3.34,,-1127394000.0,2088184000.0,2088184000.0,1952052000.0,136132000.0,6152493000.0,10797479000.0,-82992000.0,50279000.0,,-27747000.0,,1916447000.0,6152493000.0,4644986000.0,668745000.0,,2932459000.0,1712527000.0,-751737000.0,960790000.0,10797479000.0,577500000.0,572253000.0,578795000.0
MGM Resorts International,MGM,,789570,2017.0,Q4,2017-10-01,2017-12-31,,3.39,2.4,-0.33,249357000.0,2.36,,-1377904000.0,1418993000.0,1418993000.0,1387413000.0,31580000.0,1542064000.0,2597605000.0,-24984000.0,27629000.0,,24940000.0,,530201000.0,1542064000.0,1055541000.0,157341000.0,,832127000.0,223414000.0,-182325000.0,41089000.0,2597605000.0,577500000.0,572253000.0,578795000.0
MGM Resorts International,MGM,,789570,2017.0,Q3,2017-07-01,2017-09-30,2018-11-07 09:02:43+00:00,0.0,0.26,0.11,249600000.0,0.26,,114710000.0,175744000.0,175744000.0,148363000.0,27381000.0,1598072000.0,2830175000.0,-38963000.0,7711000.0,,-8441000.0,,490529000.0,1598072000.0,1232103000.0,163287000.0,,739399000.0,492704000.0,-202250000.0,290454000.0,2830175000.0,,573527000.0,580676000.0
MGM Resorts International,MGM,,789570,2017.0,Q3YTD,2017-01-01,2017-09-30,,-0.01,0.98,0.33,744123000.0,0.98,,250510000.0,669191000.0,669191000.0,564639000.0,104552000.0,4610429000.0,8199874000.0,-58008000.0,22650000.0,,-52687000.0,,1386246000.0,4610429000.0,3589445000.0,511404000.0,,2100332000.0,1489113000.0,-569412000.0,919701000.0,8199874000.0,,573527000.0,580676000.0
MGM Resorts International,MGM,,789570,2017.0,Q3TTM,2016-10-01,2017-09-30,,0.03,1.02,0.33,977175000.0,1.02,,287458000.0,738081000.0,738081000.0,588276000.0,149805000.0,6391028000.0,10119064000.0,-70901000.0,-264568000.0,564776000.0,-24095000.0,,1834752000.0,6391028000.0,4292812000.0,673108000.0,,2523264000.0,1769548000.0,-744009000.0,1025539000.0,10683840000.0,,573527000.0,580676000.0
MGM Resorts International,MGM,,789570,2017.0,Q2,2017-04-01,2017-06-30,2018-08-03 08:02:11+00:00,-0.01,0.36,0.11,244754000.0,0.36,,73660000.0,240873000.0,240873000.0,209864000.0,31009000.0,1479987000.0,2652133000.0,-11307000.0,13243000.0,,-19546000.0,,433797000.0,1479987000.0,1172146000.0,174058000.0,,672248000.0,499898000.0,-185365000.0,314533000.0,2652133000.0,-20986400000.0,574931000.0,582056000.0
MGM Resorts International,MGM,,789570,2017.0,Q2YTD,2017-01-01,2017-06-30,,-0.01,0.72,0.22,494523000.0,0.72,,135800000.0,493447000.0,493447000.0,416276000.0,77171000.0,3012357000.0,5369699000.0,-19045000.0,14939000.0,,-44246000.0,,895717000.0,3012357000.0,2357342000.0,348117000.0,,1360933000.0,996409000.0,-367162000.0,629247000.0,5369699000.0,-20986400000.0,574931000.0,582056000.0
MGM Resorts International,MGM,,789570,2017.0,Q2TTM,2016-07-01,2017-06-30,,0.97,1.7,0.22,937312000.0,1.69,,127753000.0,1123597000.0,1123597000.0,975532000.0,148065000.0,6249346000.0,10016374000.0,-60380000.0,-165083000.0,352406000.0,-446349000.0,,1803955000.0,6249346000.0,4119434000.0,677869000.0,,2129835000.0,1989599000.0,-738249000.0,1251350000.0,10368780000.0,-20986400000.0,574931000.0,582056000.0
MGM Resorts International,MGM,,789570,2017.0,Q1,2017-01-01,2017-03-31,2018-05-04 19:11:22+00:00,0.0,0.36,0.11,249769000.0,0.36,,62140000.0,252574000.0,252574000.0,206412000.0,46162000.0,1532370000.0,2717566000.0,-7738000.0,1696000.0,,-24700000.0,,461920000.0,1532370000.0,1185196000.0,174059000.0,,688685000.0,496511000.0,-181797000.0,314714000.0,2717566000.0,,574403000.0,580165000.0
MGM Resorts International,MGM,,789570,2017.0,Q1TTM,2016-04-01,2017-03-31,,1.82,2.18,0.11,899457000.0,2.16,,62573000.0,1397222000.0,1397222000.0,1240021000.0,157201000.0,5983501000.0,9812515000.0,-114798000.0,-78645000.0,173634000.0,-850288000.0,,1773368000.0,5983501000.0,4002648000.0,684163000.0,,1743892000.0,2258756000.0,-798961000.0,1459795000.0,9986149000.0,,574403000.0,580165000.0
MGM Resorts International,MGM,,789570,2018.0,FY,2018-01-01,2018-12-31,2020-02-27 16:25:40+00:00,0.82,0.82,0.48,1178044000.0,0.81,,50112000.0,583894000.0,583894000.0,466772000.0,117122000.0,6918875000.0,11763096000.0,-65967000.0,9147000.0,,3702000.0,,2183842000.0,6918875000.0,4844221000.0,769513000.0,,3374735000.0,1469486000.0,-835480000.0,634006000.0,11763096000.0,569200000.0,544253000.0,549536000.0
MGM Resorts International,MGM,,789570,2018.0,Q4,2018-10-01,2018-12-31,,-0.04,-0.04,-0.36,312542000.0,-0.04,,92735000.0,5760000.0,5760000.0,-23327000.0,29087000.0,1826825000.0,3052862000.0,-22718000.0,28679000.0,,-13981000.0,,563046000.0,1826825000.0,1226037000.0,214538000.0,,890286000.0,335751000.0,-237256000.0,98495000.0,3052862000.0,569200000.0,544253000.0,549536000.0
MGM Resorts International,MGM,,789570,2018.0,Q3,2018-07-01,2018-09-30,2019-11-04 19:55:41+00:00,0.26,0.26,0.12,300472000.0,0.26,,19046000.0,171410000.0,171410000.0,142878000.0,28532000.0,1787426000.0,3029302000.0,-14874000.0,-42400000.0,,11395000.0,,561506000.0,1787426000.0,1241876000.0,205573000.0,,830973000.0,410903000.0,-220447000.0,190456000.0,3029302000.0,549500000.0,535130000.0,540396000.0
MGM Resorts International,MGM,,789570,2018.0,Q3YTD,2018-01-01,2018-09-30,,0.86,0.86,0.36,865502000.0,0.85,,-42623000.0,578134000.0,578134000.0,490099000.0,88035000.0,5092050000.0,8710234000.0,-43249000.0,-19532000.0,,17683000.0,,1620796000.0,5092050000.0,3618184000.0,554975000.0,,2484449000.0,1133735000.0,-598224000.0,535511000.0,8710234000.0,549500000.0,535130000.0,540396000.0
MGM Resorts International,MGM,,789570,2018.0,Q3TTM,2017-10-01,2018-09-30,,4.25,3.26,0.03,1114859000.0,3.21,,-1420527000.0,1997127000.0,1997127000.0,1877512000.0,119615000.0,6634114000.0,11307839000.0,-68233000.0,8097000.0,,42623000.0,,2150997000.0,6634114000.0,4673725000.0,712316000.0,,3316576000.0,1357149000.0,-780549000.0,576600000.0,11307839000.0,549500000.0,535130000.0,540396000.0
MGM Resorts International,MGM,,789570,2018.0,Q2,2018-04-01,2018-06-30,2019-08-07 19:14:44+00:00,0.21,0.21,0.12,296208000.0,0.21,,23710000.0,140423000.0,140423000.0,123777000.0,16646000.0,1669414000.0,2858695000.0,-17449000.0,16970000.0,,-28863000.0,,541891000.0,1669414000.0,1189281000.0,181493000.0,,826206000.0,363075000.0,-198942000.0,164133000.0,2858695000.0,589400000.0,548433000.0,554339000.0
MGM Resorts International,MGM,,789570,2018.0,Q2YTD,2018-01-01,2018-06-30,,0.6,0.6,0.24,565030000.0,0.59,,-61669000.0,406724000.0,406724000.0,347221000.0,59503000.0,3304624000.0,5680932000.0,-28375000.0,22868000.0,,6288000.0,,1059290000.0,3304624000.0,2376308000.0,349402000.0,,1653476000.0,722832000.0,-377777000.0,345055000.0,5680932000.0,589400000.0,548433000.0,554339000.0
MGM Resorts International,MGM,,789570,2018.0,Q2TTM,2017-07-01,2018-06-30,,3.99,3.26,0.02,1063987000.0,3.21,,-1324863000.0,2001461000.0,2001461000.0,1882997000.0,118464000.0,6444760000.0,11108712000.0,-92322000.0,58208000.0,,22787000.0,,2080020000.0,6444760000.0,4663952000.0,670030000.0,,3225002000.0,1438950000.0,-762352000.0,676598000.0,11108712000.0,589400000.0,548433000.0,554339000.0
MGM Resorts International,MGM,,789570,2018.0,Q1,2018-01-01,2018-03-31,2019-05-07 16:29:14+00:00,0.39,0.39,0.12,268822000.0,0.38,,-85379000.0,266301000.0,266301000.0,223444000.0,42857000.0,1635210000.0,2822237000.0,-10926000.0,5898000.0,,35151000.0,,517399000.0,1635210000.0,1187027000.0,167909000.0,,827270000.0,359757000.0,-178835000.0,180922000.0,2822237000.0,572900000.0,564832000.0,571970000.0
MGM Resorts International,MGM,,789570,2018.0,Q1TTM,2017-04-01,2018-03-31,,3.77,3.41,0.01,1012533000.0,3.36,,-1274913000.0,2101911000.0,2101911000.0,1969084000.0,132827000.0,6255333000.0,10902150000.0,-86180000.0,54481000.0,,32104000.0,,1971926000.0,6255333000.0,4646817000.0,662595000.0,,3071044000.0,1575773000.0,-748775000.0,826998000.0,10902150000.0,572900000.0,564832000.0,571970000.0
MGM Resorts International,MGM,,789570,2019.0,FY,2019-01-01,2019-12-31,2020-02-27 16:25:40+00:00,3.9,3.9,0.52,1304649000.0,3.88,,632345000.0,2214380000.0,2214380000.0,2049146000.0,165234000.0,7603489000.0,12899672000.0,-245558000.0,-2402194000.0,,-112346000.0,,2565859000.0,7603489000.0,5296183000.0,847932000.0,,1355968000.0,3940215000.0,-1093490000.0,2846725000.0,12899672000.0,525400000.0,524173000.0,527645000.0
MGM Resorts International,MGM,,789570,2019.0,Q4,2019-10-01,2019-12-31,,3.85,3.85,-0.26,331438000.0,3.83,,556376000.0,2065950000.0,2065950000.0,2011577000.0,54373000.0,1899644000.0,3185136000.0,-137283000.0,-2666618000.0,,-15470000.0,,676053000.0,1899644000.0,1285492000.0,200480000.0,,-1674597000.0,2960089000.0,-337763000.0,2622326000.0,3185136000.0,525400000.0,524173000.0,527645000.0
MGM Resorts International,MGM,,789570,2019.0,Q3YTD,2019-01-01,2019-09-30,,0.05,0.05,0.26,973211000.0,0.05,,75969000.0,148430000.0,148430000.0,37569000.0,110861000.0,5703845000.0,9714536000.0,-108275000.0,264424000.0,,-96876000.0,,1889806000.0,5703845000.0,4010691000.0,647452000.0,,3030565000.0,980126000.0,-755727000.0,224399000.0,9714536000.0,464200000.0,518983000.0,518983000.0
MGM Resorts International,MGM,,789570,2019.0,Q3TTM,2018-10-01,2019-09-30,,0.01,0.01,-0.1,1285753000.0,0.01,,168704000.0,154190000.0,154190000.0,14242000.0,139948000.0,7530670000.0,12767398000.0,-130993000.0,293103000.0,,-110857000.0,,2452852000.0,7530670000.0,5236728000.0,861990000.0,,3920851000.0,1315877000.0,-992983000.0,322894000.0,12767398000.0,464200000.0,518983000.0,518983000.0
MGM Resorts International,MGM,,789570,2019.0,Q3,2019-07-01,2019-09-30,2019-11-04 19:55:41+00:00,-0.08,-0.08,0.13,322009000.0,-0.08,,-7276000.0,6104000.0,6104000.0,-37133000.0,43237000.0,1936650000.0,3314382000.0,-24050000.0,249858000.0,,-35289000.0,,602773000.0,1936650000.0,1377732000.0,215503000.0,,1139351000.0,238381000.0,-239553000.0,-1172000.0,3314382000.0,464200000.0,518983000.0,518983000.0
MGM Resorts International,MGM,,789570,2019.0,Q2YTD,2019-01-01,2019-06-30,,0.13,0.13,0.13,651202000.0,0.13,,83245000.0,142326000.0,142326000.0,74702000.0,67624000.0,3767195000.0,6400154000.0,-84225000.0,14566000.0,,-61587000.0,,1287033000.0,3767195000.0,2632959000.0,431949000.0,,1891214000.0,741745000.0,-516174000.0,225571000.0,6400154000.0,542600000.0,532365000.0,535417000.0
MGM Resorts International,MGM,,789570,2019.0,Q2TTM,2018-07-01,2019-06-30,,0.35,0.35,-0.11,1264216000.0,0.35,,195026000.0,319496000.0,319496000.0,194253000.0,125243000.0,7381446000.0,12482318000.0,-121817000.0,845000.0,,-64173000.0,,2411585000.0,7381446000.0,5100872000.0,852060000.0,,3612473000.0,1488399000.0,-973877000.0,514522000.0,12482318000.0,542600000.0,532365000.0,535417000.0
MGM Resorts International,MGM,,789570,2019.0,Q2,2019-04-01,2019-06-30,2019-08-07 19:14:44+00:00,0.08,0.08,0.13,334788000.0,0.08,,11734000.0,76169000.0,76169000.0,43405000.0,32764000.0,1904820000.0,3223243000.0,-67753000.0,5790000.0,,-26125000.0,,632485000.0,1904820000.0,1318423000.0,215829000.0,,946938000.0,371485000.0,-283582000.0,87903000.0,3223243000.0,542600000.0,532365000.0,535417000.0
MGM Resorts International,MGM,,789570,2019.0,Q1,2019-01-01,2019-03-31,2020-05-01 16:32:30+00:00,0.05,0.05,0.13,316414000.0,0.05,,71511000.0,66157000.0,66157000.0,31297000.0,34860000.0,1862375000.0,3176911000.0,-16472000.0,8776000.0,,-35462000.0,,654548000.0,1862375000.0,1314536000.0,216120000.0,,944276000.0,370260000.0,-232592000.0,137668000.0,3176911000.0,625900000.0,534219000.0,537506000.0
MGM Resorts International,MGM,,789570,2019.0,Q1TTM,2018-04-01,2019-03-31,,0.48,0.48,-0.12,1225636000.0,0.48,,207002000.0,383750000.0,383750000.0,274625000.0,109125000.0,7146040000.0,12117770000.0,-71513000.0,12025000.0,,-66911000.0,,2320991000.0,7146040000.0,4971730000.0,817724000.0,,3491741000.0,1479989000.0,-889237000.0,590752000.0,12117770000.0,625900000.0,534219000.0,537506000.0
MGM Resorts International,MGM,,789570,2020.0,Q1,2020-01-01,2020-03-31,2020-05-01 16:32:30+00:00,1.64,1.64,0.15,318290000.0,1.64,,262304000.0,674519000.0,674519000.0,806869000.0,-132350000.0,1438164000.0,2252817000.0,-156885000.0,-1436970000.0,,-35626000.0,,718114000.0,1438164000.0,814653000.0,157137000.0,,-436192000.0,1250845000.0,-314022000.0,936823000.0,2252817000.0,492000000.0,495415000.0,496984000.0
MGM Resorts International,MGM,,789570,2020.0,Q1TTM,2019-04-01,2020-03-31,,5.49,5.49,,1306525000.0,5.47,,823138000.0,2822742000.0,2822742000.0,2824718000.0,-1976000.0,7179278000.0,11975578000.0,-385971000.0,-3847940000.0,,-112510000.0,,2629425000.0,7179278000.0,4796300000.0,788949000.0,,-24500000.0,4820800000.0,-1174920000.0,3645880000.0,11975578000.0,492000000.0,495415000.0,496984000.0
