company_name,company_ticker,company_lei,company_cik,year,quarter,start_date,end_date,filing_date,basicdilutedeps,basiceps,cashdividendspershare,dilutedeps,impairmentexpense,incometaxexpense,netincome,netincomecontinuing,netincomediscontinued,netincometocommon,netincometononcontrollinginterest,operatingcostofrevenue,operatingrevenue,otheradjustmentstoconsolidatednetincome,otherincome,otheroperatingexpenses,otherspecialcharges,rdexpense,restructuringcharge,sgaexpense,totalcostofrevenue,totalgrossprofit,totalinterestexpense,totalinterestincome,totaloperatingexpenses,totaloperatingincome,totalotherincome,totalpretaxincome,totalrevenue,weightedavebasicdilutedsharesos,weightedavebasicsharesos,weightedavedilutedsharesos
McKesson Corp,MCK,,927653,2008.0,FY,2007-04-01,2008-03-31,2010-05-04 16:25:08+00:00,3.4,3.4,0.24,3.32,,468000000.0,990000000.0,989000000.0,1000000.0,990000000.0,,96694000000.0,101703000000.0,,121000000.0,886000000.0,-5000000.0,347000000.0,,2303000000.0,96694000000.0,5009000000.0,142000000.0,,3531000000.0,1478000000.0,-21000000.0,1457000000.0,101703000000.0,291200000.0,291000000.0,298000000.0
McKesson Corp,MCK,,927653,2009.0,FY,2008-04-01,2009-03-31,2010-05-04 16:25:08+00:00,2.99,2.99,0.48,2.95,,241000000.0,823000000.0,823000000.0,,823000000.0,,101254000000.0,106632000000.0,,12000000.0,943000000.0,493000000.0,364000000.0,,2382000000.0,101254000000.0,5378000000.0,144000000.0,,4182000000.0,1196000000.0,-132000000.0,1064000000.0,106632000000.0,275300000.0,275000000.0,279000000.0
McKesson Corp,MCK,,927653,2009.0,Q4,2009-01-01,2009-03-31,,1.87,1.02,0.12,1.02,,116000000.0,281000000.0,281000000.0,,281000000.0,,24759000000.0,26224000000.0,,-59000000.0,-882000000.0,,364000000.0,,1485000000.0,24759000000.0,1465000000.0,42000000.0,,967000000.0,498000000.0,-101000000.0,397000000.0,26224000000.0,275300000.0,275000000.0,279000000.0
McKesson Corp,MCK,,927653,2009.0,Q3YTD,2008-04-01,2008-12-31,,1.12,1.97,0.36,1.93,,125000000.0,542000000.0,542000000.0,,542000000.0,,76495000000.0,80408000000.0,,71000000.0,1825000000.0,493000000.0,,,897000000.0,76495000000.0,3913000000.0,102000000.0,,3215000000.0,698000000.0,-31000000.0,667000000.0,80408000000.0,285700000.0,274000000.0,274000000.0
McKesson Corp,MCK,,927653,2009.0,Q3,2008-10-01,2008-12-31,2010-01-26 16:42:35+00:00,-0.07,-0.07,0.12,-0.07,,-50000000.0,-20000000.0,-20000000.0,,-20000000.0,,25787000000.0,27130000000.0,,17000000.0,904000000.0,493000000.0,,,,25787000000.0,1343000000.0,33000000.0,,1397000000.0,-54000000.0,-16000000.0,-70000000.0,27130000000.0,285700000.0,274000000.0,274000000.0
McKesson Corp,MCK,,927653,2009.0,Q2YTD,2008-04-01,2008-09-30,,1.19,2.04,0.24,2.0,,175000000.0,562000000.0,562000000.0,,562000000.0,,50708000000.0,53278000000.0,,54000000.0,921000000.0,,,,897000000.0,50708000000.0,2570000000.0,69000000.0,,1818000000.0,752000000.0,-15000000.0,737000000.0,53278000000.0,274800000.0,275000000.0,280000000.0
McKesson Corp,MCK,,927653,2009.0,Q2,2008-07-01,2008-09-30,2009-10-27 17:07:26+00:00,1.19,1.19,0.12,1.17,,52000000.0,327000000.0,327000000.0,,327000000.0,,25272000000.0,26574000000.0,,33000000.0,921000000.0,0.0,,,,25272000000.0,1302000000.0,35000000.0,,921000000.0,381000000.0,-2000000.0,379000000.0,26574000000.0,274800000.0,275000000.0,280000000.0
McKesson Corp,MCK,,927653,2009.0,Q1,2008-04-01,2008-06-30,2009-07-28 16:45:15+00:00,,0.85,0.12,0.83,,123000000.0,235000000.0,235000000.0,,235000000.0,,25436000000.0,26704000000.0,,21000000.0,,,,,897000000.0,25436000000.0,1268000000.0,34000000.0,,897000000.0,371000000.0,-13000000.0,358000000.0,26704000000.0,,277000000.0,282000000.0
McKesson Corp,MCK,,927653,2010.0,Q4,2010-01-01,2010-03-31,,2.36,1.29,0.12,1.26,,184000000.0,348000000.0,348000000.0,,348000000.0,,25060000000.0,26643000000.0,,4000000.0,-1796000000.0,,376000000.0,,2430000000.0,25060000000.0,1583000000.0,45000000.0,,1010000000.0,573000000.0,-41000000.0,532000000.0,26643000000.0,268700000.0,269000000.0,273000000.0
McKesson Corp,MCK,,927653,2010.0,FY,2009-04-01,2010-03-31,2012-05-02 16:33:22+00:00,4.7,4.7,0.48,4.62,,601000000.0,1263000000.0,1263000000.0,0.0,1263000000.0,,103026000000.0,108702000000.0,,43000000.0,882000000.0,-20000000.0,376000000.0,,2430000000.0,103026000000.0,5676000000.0,187000000.0,,3668000000.0,2008000000.0,-144000000.0,1864000000.0,108702000000.0,268700000.0,269000000.0,273000000.0
McKesson Corp,MCK,,927653,2010.0,Q3,2009-10-01,2009-12-31,2010-01-26 16:42:35+00:00,1.21,1.21,0.12,1.19,,161000000.0,326000000.0,326000000.0,,326000000.0,,26817000000.0,28272000000.0,,25000000.0,946000000.0,0.0,,,,26817000000.0,1455000000.0,47000000.0,,946000000.0,509000000.0,-22000000.0,487000000.0,28272000000.0,269400000.0,269000000.0,274000000.0
McKesson Corp,MCK,,927653,2010.0,Q3YTD,2009-04-01,2009-12-31,,2.34,3.41,0.36,3.36,,417000000.0,915000000.0,915000000.0,,915000000.0,,77966000000.0,82059000000.0,,39000000.0,2678000000.0,-20000000.0,,,,77966000000.0,4093000000.0,142000000.0,,2658000000.0,1435000000.0,-103000000.0,1332000000.0,82059000000.0,269400000.0,269000000.0,274000000.0
McKesson Corp,MCK,,927653,2010.0,Q3TTM,2009-01-01,2009-12-31,,4.21,4.43,0.48,4.38,,533000000.0,1196000000.0,1196000000.0,,1196000000.0,,102725000000.0,108283000000.0,,-20000000.0,1796000000.0,-20000000.0,364000000.0,,1485000000.0,102725000000.0,5558000000.0,184000000.0,,3625000000.0,1933000000.0,-204000000.0,1729000000.0,108283000000.0,269400000.0,269000000.0,274000000.0
McKesson Corp,MCK,,927653,2010.0,Q2,2009-07-01,2009-09-30,2009-10-27 17:07:26+00:00,1.13,1.13,0.12,1.11,,123000000.0,301000000.0,301000000.0,,301000000.0,,25795000000.0,27130000000.0,,4000000.0,888000000.0,-20000000.0,,,,25795000000.0,1335000000.0,47000000.0,,868000000.0,467000000.0,-43000000.0,424000000.0,27130000000.0,266400000.0,267000000.0,271000000.0
McKesson Corp,MCK,,927653,2010.0,Q2YTD,2009-04-01,2009-09-30,,1.13,2.2,0.24,2.17,,256000000.0,589000000.0,589000000.0,,589000000.0,,51149000000.0,53787000000.0,,14000000.0,1732000000.0,-20000000.0,,,,51149000000.0,2638000000.0,95000000.0,,1712000000.0,926000000.0,-81000000.0,845000000.0,53787000000.0,266400000.0,267000000.0,271000000.0
McKesson Corp,MCK,,927653,2010.0,Q2TTM,2008-10-01,2009-09-30,,2.93,3.15,0.48,3.12,,322000000.0,850000000.0,850000000.0,,850000000.0,,101695000000.0,107141000000.0,,-28000000.0,1754000000.0,473000000.0,364000000.0,,1485000000.0,101695000000.0,5446000000.0,170000000.0,,4076000000.0,1370000000.0,-198000000.0,1172000000.0,107141000000.0,266400000.0,267000000.0,271000000.0
McKesson Corp,MCK,,927653,2010.0,Q1,2009-04-01,2009-06-30,2009-07-28 16:45:15+00:00,,1.07,0.12,1.06,,133000000.0,288000000.0,288000000.0,,288000000.0,,25354000000.0,26657000000.0,,10000000.0,844000000.0,,,,,25354000000.0,1303000000.0,48000000.0,,844000000.0,459000000.0,-38000000.0,421000000.0,26657000000.0,,270000000.0,272000000.0
McKesson Corp,MCK,,927653,2010.0,Q1TTM,2008-07-01,2009-06-30,,2.99,3.21,0.48,3.18,,251000000.0,876000000.0,876000000.0,,876000000.0,,101172000000.0,106585000000.0,,1000000.0,1787000000.0,493000000.0,364000000.0,,1485000000.0,101172000000.0,5413000000.0,158000000.0,,4129000000.0,1284000000.0,-157000000.0,1127000000.0,106585000000.0,,270000000.0,272000000.0
McKesson Corp,MCK,,927653,2011.0,FY,2010-04-01,2011-03-31,2012-05-02 16:33:22+00:00,4.65,4.65,0.72,4.57,,505000000.0,1202000000.0,1130000000.0,72000000.0,1202000000.0,,106114000000.0,112084000000.0,,36000000.0,920000000.0,213000000.0,407000000.0,,2609000000.0,106114000000.0,5970000000.0,222000000.0,,4149000000.0,1821000000.0,-186000000.0,1635000000.0,112084000000.0,258500000.0,258000000.0,263000000.0
McKesson Corp,MCK,,927653,2011.0,Q4,2011-01-01,2011-03-31,,1.65,1.65,0.18,1.62,,136000000.0,422000000.0,422000000.0,72000000.0,422000000.0,,27102000000.0,28853000000.0,-72000000.0,17000000.0,-1112000000.0,-776000000.0,407000000.0,,2609000000.0,27102000000.0,1751000000.0,82000000.0,,1128000000.0,623000000.0,-65000000.0,558000000.0,28853000000.0,258500000.0,258000000.0,263000000.0
McKesson Corp,MCK,,927653,2011.0,Q3,2010-10-01,2010-12-31,2011-02-01 17:10:46+00:00,0.61,0.61,0.18,0.6,,106000000.0,155000000.0,155000000.0,,155000000.0,,26786000000.0,28247000000.0,,7000000.0,189000000.0,965000000.0,,,,26786000000.0,1461000000.0,53000000.0,,1154000000.0,307000000.0,-46000000.0,261000000.0,28247000000.0,254100000.0,254000000.0,258000000.0
McKesson Corp,MCK,,927653,2011.0,Q3YTD,2010-04-01,2010-12-31,,3.0,3.0,0.54,2.95,,369000000.0,780000000.0,708000000.0,,780000000.0,,79012000000.0,83231000000.0,72000000.0,19000000.0,2032000000.0,989000000.0,,,,79012000000.0,4219000000.0,140000000.0,,3021000000.0,1198000000.0,-121000000.0,1077000000.0,83231000000.0,254100000.0,254000000.0,258000000.0
McKesson Corp,MCK,,927653,2011.0,Q3TTM,2010-01-01,2010-12-31,,5.36,4.29,0.66,4.21,,553000000.0,1128000000.0,1056000000.0,,1128000000.0,,104072000000.0,109874000000.0,72000000.0,23000000.0,236000000.0,989000000.0,376000000.0,,2430000000.0,104072000000.0,5802000000.0,185000000.0,,4031000000.0,1771000000.0,-162000000.0,1609000000.0,109874000000.0,254100000.0,254000000.0,258000000.0
McKesson Corp,MCK,,927653,2011.0,Q2,2010-07-01,2010-09-30,2010-10-26 16:24:48+00:00,1.27,1.27,0.18,1.25,,121000000.0,327000000.0,255000000.0,,327000000.0,,26168000000.0,27534000000.0,72000000.0,3000000.0,925000000.0,24000000.0,,,,26168000000.0,1366000000.0,44000000.0,,949000000.0,417000000.0,-41000000.0,376000000.0,27534000000.0,257500000.0,258000000.0,262000000.0
McKesson Corp,MCK,,927653,2011.0,Q2YTD,2010-04-01,2010-09-30,,2.39,2.39,0.36,2.35,,263000000.0,625000000.0,553000000.0,,625000000.0,,52226000000.0,54984000000.0,72000000.0,12000000.0,1843000000.0,24000000.0,,,,52226000000.0,2758000000.0,87000000.0,,1867000000.0,891000000.0,-75000000.0,816000000.0,54984000000.0,257500000.0,258000000.0,262000000.0
McKesson Corp,MCK,,927653,2011.0,Q2TTM,2009-10-01,2010-09-30,,5.96,4.89,0.6,4.8,,608000000.0,1299000000.0,1227000000.0,,1299000000.0,,104103000000.0,109899000000.0,72000000.0,41000000.0,993000000.0,24000000.0,376000000.0,,2430000000.0,104103000000.0,5796000000.0,179000000.0,,3823000000.0,1973000000.0,-138000000.0,1835000000.0,109899000000.0,257500000.0,258000000.0,262000000.0
McKesson Corp,MCK,,927653,2011.0,Q1,2010-04-01,2010-06-30,2010-07-30 16:38:31+00:00,1.12,1.12,0.18,1.1,,142000000.0,298000000.0,298000000.0,,298000000.0,,26058000000.0,27450000000.0,,9000000.0,918000000.0,,,,,26058000000.0,1392000000.0,43000000.0,,918000000.0,474000000.0,-34000000.0,440000000.0,27450000000.0,266100000.0,266000000.0,272000000.0
McKesson Corp,MCK,,927653,2011.0,Q1TTM,2009-07-01,2010-06-30,,5.82,4.75,0.54,4.66,,610000000.0,1273000000.0,1273000000.0,,1273000000.0,,103730000000.0,109495000000.0,,42000000.0,956000000.0,-20000000.0,376000000.0,,2430000000.0,103730000000.0,5765000000.0,182000000.0,,3742000000.0,2023000000.0,-140000000.0,1883000000.0,109495000000.0,266100000.0,266000000.0,272000000.0
McKesson Corp,MCK,,927653,2012.0,Q4,2012-01-01,2012-03-31,,2.13,2.13,0.2,2.08,,134000000.0,521000000.0,497000000.0,24000000.0,521000000.0,,29606000000.0,31286000000.0,,8000000.0,-2098000000.0,4000000.0,402000000.0,,2690000000.0,29606000000.0,1680000000.0,59000000.0,,998000000.0,682000000.0,-51000000.0,631000000.0,31286000000.0,246100000.0,246000000.0,251000000.0
McKesson Corp,MCK,,927653,2012.0,FY,2011-04-01,2012-03-31,2014-05-13 21:41:08+00:00,5.7,5.7,0.8,5.59,,514000000.0,1403000000.0,1379000000.0,24000000.0,1403000000.0,0.0,115919000000.0,122321000000.0,,20000000.0,,149000000.0,402000000.0,,3727000000.0,115919000000.0,6402000000.0,251000000.0,0.0,4278000000.0,2124000000.0,-231000000.0,1893000000.0,122321000000.0,246100000.0,246000000.0,251000000.0
McKesson Corp,MCK,,927653,2012.0,Q3,2011-10-01,2011-12-31,2012-01-30 16:47:07+00:00,1.22,1.22,0.2,1.2,,126000000.0,300000000.0,300000000.0,,300000000.0,,29273000000.0,30839000000.0,,-2000000.0,1047000000.0,27000000.0,,,,29273000000.0,1566000000.0,64000000.0,,1074000000.0,492000000.0,-66000000.0,426000000.0,30839000000.0,245900000.0,246000000.0,251000000.0
McKesson Corp,MCK,,927653,2012.0,Q3YTD,2011-04-01,2011-12-31,,3.57,3.57,0.6,3.51,,380000000.0,882000000.0,882000000.0,,882000000.0,,86313000000.0,91035000000.0,,12000000.0,2098000000.0,145000000.0,,,1037000000.0,86313000000.0,4722000000.0,192000000.0,,3280000000.0,1442000000.0,-180000000.0,1262000000.0,91035000000.0,245900000.0,246000000.0,251000000.0
McKesson Corp,MCK,,927653,2012.0,Q3TTM,2011-01-01,2011-12-31,,5.22,5.22,0.78,5.13,,516000000.0,1304000000.0,1304000000.0,72000000.0,1304000000.0,,113415000000.0,119888000000.0,-72000000.0,29000000.0,986000000.0,-631000000.0,407000000.0,,3646000000.0,113415000000.0,6473000000.0,274000000.0,,4408000000.0,2065000000.0,-245000000.0,1820000000.0,119888000000.0,245900000.0,246000000.0,251000000.0
McKesson Corp,MCK,,927653,2012.0,Q2,2011-07-01,2011-09-30,2011-10-25 16:32:36+00:00,1.2,1.2,0.2,1.18,,124000000.0,296000000.0,296000000.0,,296000000.0,,28569000000.0,30216000000.0,,6000000.0,1051000000.0,118000000.0,,,,28569000000.0,1647000000.0,64000000.0,,1169000000.0,478000000.0,-58000000.0,420000000.0,30216000000.0,246700000.0,246000000.0,250000000.0
McKesson Corp,MCK,,927653,2012.0,Q2YTD,2011-04-01,2011-09-30,,2.35,2.35,0.4,2.31,,254000000.0,582000000.0,582000000.0,,582000000.0,,57040000000.0,60196000000.0,,14000000.0,1051000000.0,118000000.0,,,1037000000.0,57040000000.0,3156000000.0,128000000.0,,2206000000.0,950000000.0,-114000000.0,836000000.0,60196000000.0,246700000.0,246000000.0,250000000.0
McKesson Corp,MCK,,927653,2012.0,Q2TTM,2010-10-01,2011-09-30,,4.61,4.61,0.76,4.53,,496000000.0,1159000000.0,1159000000.0,72000000.0,1159000000.0,,110928000000.0,117296000000.0,-72000000.0,38000000.0,128000000.0,307000000.0,407000000.0,,3646000000.0,110928000000.0,6368000000.0,263000000.0,,4488000000.0,1880000000.0,-225000000.0,1655000000.0,117296000000.0,246700000.0,246000000.0,250000000.0
McKesson Corp,MCK,,927653,2012.0,Q1,2011-04-01,2011-06-30,2011-07-28 16:24:57+00:00,1.15,1.15,0.2,1.13,,130000000.0,286000000.0,286000000.0,,286000000.0,,28471000000.0,29980000000.0,,8000000.0,,,,,1037000000.0,28471000000.0,1509000000.0,64000000.0,,1037000000.0,472000000.0,-56000000.0,416000000.0,29980000000.0,248700000.0,249000000.0,254000000.0
McKesson Corp,MCK,,927653,2012.0,Q1TTM,2010-07-01,2011-06-30,,4.68,4.68,0.74,4.6,,493000000.0,1190000000.0,1118000000.0,72000000.0,1190000000.0,,108527000000.0,114614000000.0,,35000000.0,2000000.0,213000000.0,407000000.0,,3646000000.0,108527000000.0,6087000000.0,243000000.0,,4268000000.0,1819000000.0,-208000000.0,1611000000.0,114614000000.0,248700000.0,249000000.0,254000000.0
McKesson Corp,MCK,,927653,2013.0,Q4,2013-01-01,2013-03-31,,1.13,1.13,0.2,1.1,,133000000.0,259000000.0,284000000.0,-25000000.0,259000000.0,,28468000000.0,30361000000.0,,6000000.0,-3253000000.0,-69000000.0,433000000.0,,4110000000.0,28468000000.0,1893000000.0,70000000.0,-191000000.0,1221000000.0,672000000.0,-255000000.0,417000000.0,30361000000.0,234300000.0,235000000.0,239000000.0
McKesson Corp,MCK,,927653,2013.0,FY,2012-04-01,2013-03-31,2015-05-12 16:56:22+00:00,5.71,5.71,0.8,5.59,,587000000.0,1338000000.0,1363000000.0,-25000000.0,1338000000.0,0.0,115315000000.0,122196000000.0,,34000000.0,,-9000000.0,433000000.0,,4110000000.0,115315000000.0,6881000000.0,240000000.0,-191000000.0,4534000000.0,2347000000.0,-397000000.0,1950000000.0,122196000000.0,234300000.0,235000000.0,239000000.0
McKesson Corp,MCK,,927653,2013.0,Q3,2012-10-01,2012-12-31,2013-01-31 16:21:52+00:00,1.27,1.27,0.2,1.24,,138000000.0,298000000.0,298000000.0,,298000000.0,,29519000000.0,31187000000.0,,10000000.0,1183000000.0,0.0,,,,29519000000.0,1668000000.0,59000000.0,,1183000000.0,485000000.0,-49000000.0,436000000.0,31187000000.0,234600000.0,235000000.0,240000000.0
McKesson Corp,MCK,,927653,2013.0,Q3YTD,2012-04-01,2012-12-31,,4.58,4.58,0.6,4.49,,454000000.0,1079000000.0,1079000000.0,,1079000000.0,,86847000000.0,91835000000.0,,28000000.0,3253000000.0,60000000.0,,,,86847000000.0,4988000000.0,170000000.0,,3313000000.0,1675000000.0,-142000000.0,1533000000.0,91835000000.0,234600000.0,235000000.0,240000000.0
McKesson Corp,MCK,,927653,2013.0,Q3TTM,2012-01-01,2012-12-31,,6.71,6.71,0.8,6.57,,588000000.0,1600000000.0,1576000000.0,24000000.0,1600000000.0,,116453000000.0,123121000000.0,,36000000.0,1155000000.0,64000000.0,402000000.0,,2690000000.0,116453000000.0,6668000000.0,229000000.0,,4311000000.0,2357000000.0,-193000000.0,2164000000.0,123121000000.0,234600000.0,235000000.0,240000000.0
McKesson Corp,MCK,,927653,2013.0,Q2,2012-07-01,2012-09-30,2012-10-25 16:12:17+00:00,1.7,1.7,0.2,1.67,,165000000.0,401000000.0,401000000.0,,401000000.0,,28130000000.0,29850000000.0,,10000000.0,1065000000.0,44000000.0,,,,28130000000.0,1720000000.0,55000000.0,,1109000000.0,611000000.0,-45000000.0,566000000.0,29850000000.0,235900000.0,236000000.0,240000000.0
McKesson Corp,MCK,,927653,2013.0,Q2YTD,2012-04-01,2012-09-30,,3.31,3.31,0.4,3.25,,316000000.0,781000000.0,781000000.0,,781000000.0,,57328000000.0,60648000000.0,,18000000.0,2070000000.0,60000000.0,,,,57328000000.0,3320000000.0,111000000.0,,2130000000.0,1190000000.0,-93000000.0,1097000000.0,60648000000.0,235900000.0,236000000.0,240000000.0
McKesson Corp,MCK,,927653,2013.0,Q2TTM,2011-10-01,2012-09-30,,6.66,6.66,0.8,6.53,,576000000.0,1602000000.0,1578000000.0,24000000.0,1602000000.0,,116207000000.0,122773000000.0,,24000000.0,1019000000.0,91000000.0,402000000.0,,2690000000.0,116207000000.0,6566000000.0,234000000.0,,4202000000.0,2364000000.0,-210000000.0,2154000000.0,122773000000.0,235900000.0,236000000.0,240000000.0
McKesson Corp,MCK,,927653,2013.0,Q1,2012-04-01,2012-06-30,2012-07-26 16:23:16+00:00,1.61,1.61,0.2,1.58,,151000000.0,380000000.0,380000000.0,,380000000.0,,29198000000.0,30798000000.0,,8000000.0,1005000000.0,16000000.0,,,,29198000000.0,1600000000.0,56000000.0,,1021000000.0,579000000.0,-48000000.0,531000000.0,30798000000.0,236000000.0,236000000.0,240000000.0
McKesson Corp,MCK,,927653,2013.0,Q1TTM,2011-07-01,2012-06-30,,6.16,6.16,0.8,6.04,,535000000.0,1497000000.0,1473000000.0,24000000.0,1497000000.0,,116646000000.0,123139000000.0,,20000000.0,1005000000.0,165000000.0,402000000.0,,2690000000.0,116646000000.0,6493000000.0,243000000.0,,4262000000.0,2231000000.0,-223000000.0,2008000000.0,123139000000.0,236000000.0,236000000.0,240000000.0
McKesson Corp,MCK,,927653,2014.0,Q4,2014-01-01,2014-03-31,,1.61,1.61,0.24,1.56,,118000000.0,366000000.0,422000000.0,-56000000.0,371000000.0,-5000000.0,35341000000.0,37924000000.0,,25000000.0,-3890000000.0,,457000000.0,,5388000000.0,35341000000.0,2583000000.0,113000000.0,,1955000000.0,628000000.0,-88000000.0,540000000.0,37924000000.0,229200000.0,229000000.0,233000000.0
McKesson Corp,MCK,,927653,2014.0,FY,2013-04-01,2014-03-31,2015-05-12 16:56:22+00:00,5.51,5.51,0.92,5.41,,757000000.0,1258000000.0,1414000000.0,-156000000.0,1263000000.0,-5000000.0,129040000000.0,137392000000.0,,32000000.0,,68000000.0,457000000.0,,5388000000.0,129040000000.0,8352000000.0,300000000.0,0.0,5913000000.0,2439000000.0,-268000000.0,2171000000.0,137392000000.0,229200000.0,229000000.0,233000000.0
McKesson Corp,MCK,,927653,2014.0,Q3,2013-10-01,2013-12-31,2014-01-30 16:21:45+00:00,0.28,0.28,0.24,0.28,,252000000.0,64000000.0,156000000.0,-92000000.0,64000000.0,,32466000000.0,34306000000.0,,-8000000.0,1337000000.0,18000000.0,,,,32466000000.0,1840000000.0,69000000.0,,1355000000.0,485000000.0,-77000000.0,408000000.0,34306000000.0,457200000.0,230000000.0,234000000.0
McKesson Corp,MCK,,927653,2014.0,Q3YTD,2013-04-01,2013-12-31,,3.9,3.9,0.68,3.85,,639000000.0,892000000.0,992000000.0,-100000000.0,892000000.0,,93699000000.0,99468000000.0,,7000000.0,3890000000.0,68000000.0,,,,93699000000.0,5769000000.0,187000000.0,,3958000000.0,1811000000.0,-180000000.0,1631000000.0,99468000000.0,457200000.0,230000000.0,234000000.0
McKesson Corp,MCK,,927653,2014.0,Q3TTM,2013-01-01,2013-12-31,,5.03,5.03,0.88,4.95,,772000000.0,1151000000.0,1276000000.0,-125000000.0,1151000000.0,,122167000000.0,129829000000.0,,13000000.0,637000000.0,-1000000.0,433000000.0,,4110000000.0,122167000000.0,7662000000.0,257000000.0,-191000000.0,5179000000.0,2483000000.0,-435000000.0,2048000000.0,129829000000.0,457200000.0,230000000.0,234000000.0
McKesson Corp,MCK,,927653,2014.0,Q2,2013-07-01,2013-09-30,2013-10-24 16:40:22+00:00,1.76,1.76,0.24,1.74,,213000000.0,404000000.0,416000000.0,-12000000.0,404000000.0,,30945000000.0,32954000000.0,,9000000.0,1295000000.0,35000000.0,,,,30945000000.0,2009000000.0,59000000.0,,1330000000.0,679000000.0,-50000000.0,629000000.0,32954000000.0,229500000.0,229000000.0,233000000.0
McKesson Corp,MCK,,927653,2014.0,Q2YTD,2013-04-01,2013-09-30,,3.62,3.62,0.44,3.57,,387000000.0,828000000.0,836000000.0,-8000000.0,828000000.0,,61233000000.0,65162000000.0,,15000000.0,2553000000.0,50000000.0,,,,61233000000.0,3929000000.0,118000000.0,,2603000000.0,1326000000.0,-103000000.0,1223000000.0,65162000000.0,229500000.0,229000000.0,233000000.0
McKesson Corp,MCK,,927653,2014.0,Q2TTM,2012-10-01,2013-09-30,,6.02,6.02,0.84,5.91,,658000000.0,1385000000.0,1418000000.0,-33000000.0,1385000000.0,,119220000000.0,126710000000.0,,31000000.0,483000000.0,-19000000.0,433000000.0,,4110000000.0,119220000000.0,7490000000.0,247000000.0,-191000000.0,5007000000.0,2483000000.0,-407000000.0,2076000000.0,126710000000.0,229500000.0,229000000.0,233000000.0
McKesson Corp,MCK,,927653,2014.0,Q1,2013-04-01,2013-06-30,2013-07-25 16:23:03+00:00,1.86,1.86,0.2,1.83,,174000000.0,424000000.0,420000000.0,4000000.0,424000000.0,,30288000000.0,32208000000.0,,6000000.0,1258000000.0,15000000.0,,,,30288000000.0,1920000000.0,59000000.0,,1273000000.0,647000000.0,-53000000.0,594000000.0,32208000000.0,228000000.0,227000000.0,232000000.0
McKesson Corp,MCK,,927653,2014.0,Q1TTM,2012-07-01,2013-06-30,,5.96,5.96,0.8,5.84,,610000000.0,1382000000.0,1403000000.0,-21000000.0,1382000000.0,,116405000000.0,123606000000.0,,32000000.0,253000000.0,-10000000.0,433000000.0,,4110000000.0,116405000000.0,7201000000.0,243000000.0,-191000000.0,4786000000.0,2415000000.0,-402000000.0,2013000000.0,123606000000.0,228000000.0,227000000.0,232000000.0
McKesson Corp,MCK,,927653,2015.0,FY,2014-04-01,2015-03-31,2017-05-22 16:43:21+00:00,6.37,6.37,0.96,6.27,0.0,815000000.0,1543000000.0,1842000000.0,-299000000.0,1476000000.0,67000000.0,167634000000.0,179045000000.0,,63000000.0,,150000000.0,392000000.0,0.0,7901000000.0,167634000000.0,11411000000.0,374000000.0,,8443000000.0,2968000000.0,-311000000.0,2657000000.0,179045000000.0,231700000.0,232000000.0,235000000.0
McKesson Corp,MCK,,927653,2015.0,Q4,2015-01-01,2015-03-31,,0.57,0.57,0.24,0.56,,209000000.0,144000000.0,411000000.0,-267000000.0,132000000.0,12000000.0,42008000000.0,44925000000.0,,10000000.0,-6226000000.0,150000000.0,392000000.0,,7901000000.0,42008000000.0,2917000000.0,90000000.0,,2217000000.0,700000000.0,-80000000.0,620000000.0,44925000000.0,231700000.0,232000000.0,235000000.0
McKesson Corp,MCK,,927653,2015.0,Q3,2014-10-01,2014-12-31,2016-01-27 16:25:21+00:00,2.03,2.03,0.24,2.0,,198000000.0,511000000.0,521000000.0,-10000000.0,472000000.0,39000000.0,43586000000.0,46484000000.0,,12000000.0,2098000000.0,,,,,43586000000.0,2898000000.0,93000000.0,,2098000000.0,800000000.0,-81000000.0,719000000.0,46484000000.0,232500000.0,232000000.0,236000000.0
McKesson Corp,MCK,,927653,2015.0,Q3YTD,2014-04-01,2014-12-31,,5.8,5.8,0.72,5.71,,606000000.0,1399000000.0,1431000000.0,-32000000.0,1344000000.0,55000000.0,125626000000.0,134120000000.0,,53000000.0,6226000000.0,,,,,125626000000.0,8494000000.0,284000000.0,,6226000000.0,2268000000.0,-231000000.0,2037000000.0,134120000000.0,232500000.0,232000000.0,236000000.0
McKesson Corp,MCK,,927653,2015.0,Q3TTM,2014-01-01,2014-12-31,,7.41,7.41,0.96,7.27,,724000000.0,1765000000.0,1853000000.0,-88000000.0,1715000000.0,50000000.0,160967000000.0,172044000000.0,,78000000.0,2336000000.0,,457000000.0,,5388000000.0,160967000000.0,11077000000.0,397000000.0,,8181000000.0,2896000000.0,-319000000.0,2577000000.0,172044000000.0,232500000.0,232000000.0,236000000.0
McKesson Corp,MCK,,927653,2015.0,Q2,2014-07-01,2014-09-30,2015-10-29 16:05:50+00:00,2.02,2.02,0.24,1.99,,223000000.0,477000000.0,491000000.0,-14000000.0,469000000.0,8000000.0,41296000000.0,44160000000.0,,22000000.0,2077000000.0,,,,,41296000000.0,2864000000.0,95000000.0,,2077000000.0,787000000.0,-73000000.0,714000000.0,44160000000.0,232200000.0,232000000.0,235000000.0
McKesson Corp,MCK,,927653,2015.0,Q2YTD,2014-04-01,2014-09-30,,3.77,3.77,0.48,3.71,,408000000.0,888000000.0,910000000.0,-22000000.0,872000000.0,16000000.0,82040000000.0,87636000000.0,,41000000.0,4128000000.0,,,,,82040000000.0,5596000000.0,191000000.0,,4128000000.0,1468000000.0,-150000000.0,1318000000.0,87636000000.0,232200000.0,232000000.0,235000000.0
McKesson Corp,MCK,,927653,2015.0,Q2TTM,2013-10-01,2014-09-30,,5.66,5.66,0.96,5.55,,778000000.0,1318000000.0,1488000000.0,-170000000.0,1307000000.0,11000000.0,149847000000.0,159866000000.0,,58000000.0,1575000000.0,18000000.0,457000000.0,,5388000000.0,149847000000.0,10019000000.0,373000000.0,,7438000000.0,2581000000.0,-315000000.0,2266000000.0,159866000000.0,232200000.0,232000000.0,235000000.0
McKesson Corp,MCK,,927653,2015.0,Q1TTM,2013-07-01,2014-06-30,,5.4,5.4,0.96,5.3,,768000000.0,1245000000.0,1413000000.0,-168000000.0,1242000000.0,3000000.0,139496000000.0,148660000000.0,,45000000.0,793000000.0,53000000.0,457000000.0,,5388000000.0,139496000000.0,9164000000.0,337000000.0,,6691000000.0,2473000000.0,-292000000.0,2181000000.0,148660000000.0,230300000.0,231000000.0,235000000.0
McKesson Corp,MCK,,927653,2015.0,Q1,2014-04-01,2014-06-30,2015-07-29 16:26:47+00:00,1.75,1.75,0.24,1.72,,185000000.0,411000000.0,419000000.0,-8000000.0,403000000.0,8000000.0,40744000000.0,43476000000.0,,19000000.0,2051000000.0,,,,,40744000000.0,2732000000.0,96000000.0,,2051000000.0,681000000.0,-77000000.0,604000000.0,43476000000.0,230300000.0,231000000.0,235000000.0
McKesson Corp,MCK,,927653,2016.0,FY,2015-04-01,2016-03-31,2018-05-24 16:27:59+00:00,9.82,9.82,1.08,9.7,0.0,908000000.0,2310000000.0,2342000000.0,-32000000.0,2258000000.0,52000000.0,179468000000.0,190884000000.0,,58000000.0,-103000000.0,0.0,392000000.0,203000000.0,7379000000.0,179468000000.0,11416000000.0,353000000.0,,7871000000.0,3545000000.0,-295000000.0,3250000000.0,190884000000.0,229900000.0,230000000.0,233000000.0
McKesson Corp,MCK,,927653,2016.0,Q4,2016-01-01,2016-03-31,,1.91,1.91,0.28,1.89,,204000000.0,444000000.0,465000000.0,-21000000.0,431000000.0,13000000.0,43826000000.0,46678000000.0,,15000000.0,-103000000.0,,392000000.0,203000000.0,1620000000.0,43826000000.0,2852000000.0,86000000.0,,2112000000.0,740000000.0,-71000000.0,669000000.0,46678000000.0,229900000.0,230000000.0,233000000.0
McKesson Corp,MCK,,927653,2016.0,Q3,2015-10-01,2015-12-31,2017-01-26 16:03:34+00:00,2.76,2.76,0.28,2.73,0.0,204000000.0,647000000.0,642000000.0,5000000.0,634000000.0,13000000.0,45027000000.0,47899000000.0,,13000000.0,,,,,1952000000.0,45027000000.0,2872000000.0,87000000.0,,1952000000.0,920000000.0,-74000000.0,846000000.0,47899000000.0,229700000.0,230000000.0,232000000.0
McKesson Corp,MCK,,927653,2016.0,Q3YTD,2015-04-01,2015-12-31,,7.91,7.91,0.8,7.81,,704000000.0,1866000000.0,1877000000.0,-11000000.0,1827000000.0,39000000.0,135642000000.0,144206000000.0,,43000000.0,,,,,5759000000.0,135642000000.0,8564000000.0,267000000.0,,5759000000.0,2805000000.0,-224000000.0,2581000000.0,144206000000.0,229700000.0,230000000.0,232000000.0
McKesson Corp,MCK,,927653,2016.0,Q3TTM,2015-01-01,2015-12-31,,8.48,8.48,1.04,8.37,,913000000.0,2010000000.0,2288000000.0,-278000000.0,1959000000.0,51000000.0,177650000000.0,189131000000.0,,53000000.0,-6226000000.0,150000000.0,392000000.0,,13660000000.0,177650000000.0,11481000000.0,357000000.0,,7976000000.0,3505000000.0,-304000000.0,3201000000.0,189131000000.0,229700000.0,230000000.0,232000000.0
McKesson Corp,MCK,,927653,2016.0,Q2,2015-07-01,2015-09-30,2016-10-27 16:25:41+00:00,2.66,2.66,0.28,2.63,0.0,244000000.0,630000000.0,636000000.0,-6000000.0,617000000.0,13000000.0,45917000000.0,48761000000.0,,17000000.0,,,,,1890000000.0,45917000000.0,2844000000.0,91000000.0,,1890000000.0,954000000.0,-74000000.0,880000000.0,48761000000.0,232000000.0,232000000.0,235000000.0
McKesson Corp,MCK,,927653,2016.0,Q2YTD,2015-04-01,2015-09-30,,5.15,5.15,0.52,5.08,,500000000.0,1219000000.0,1235000000.0,-16000000.0,1193000000.0,26000000.0,90615000000.0,96307000000.0,,30000000.0,,,,,3807000000.0,90615000000.0,5692000000.0,180000000.0,,3807000000.0,1885000000.0,-150000000.0,1735000000.0,96307000000.0,232000000.0,232000000.0,235000000.0
McKesson Corp,MCK,,927653,2016.0,Q2TTM,2014-10-01,2015-09-30,,7.75,7.75,1.0,7.64,,907000000.0,1874000000.0,2167000000.0,-293000000.0,1797000000.0,77000000.0,176209000000.0,187716000000.0,,52000000.0,-4128000000.0,150000000.0,392000000.0,,11708000000.0,176209000000.0,11507000000.0,363000000.0,,8122000000.0,3385000000.0,-311000000.0,3074000000.0,187716000000.0,232000000.0,232000000.0,235000000.0
McKesson Corp,MCK,,927653,2016.0,Q1,2015-04-01,2015-06-30,2016-07-27 16:29:38+00:00,2.49,2.49,0.24,2.45,,256000000.0,589000000.0,599000000.0,-10000000.0,576000000.0,13000000.0,44698000000.0,47546000000.0,,13000000.0,,,,,1917000000.0,44698000000.0,2848000000.0,89000000.0,,1917000000.0,931000000.0,-76000000.0,855000000.0,47546000000.0,231300000.0,232000000.0,235000000.0
McKesson Corp,MCK,,927653,2016.0,Q1TTM,2014-07-01,2015-06-30,,7.11,7.11,0.96,7.0,,886000000.0,1721000000.0,2022000000.0,-301000000.0,1649000000.0,72000000.0,171588000000.0,183115000000.0,,57000000.0,-2051000000.0,150000000.0,392000000.0,,9818000000.0,171588000000.0,11527000000.0,367000000.0,,8309000000.0,3218000000.0,-310000000.0,2908000000.0,183115000000.0,231300000.0,232000000.0,235000000.0
McKesson Corp,MCK,,927653,2017.0,FY,2016-04-01,2017-03-31,2019-05-15 07:44:22+00:00,22.95,22.95,1.12,22.73,290000000.0,1614000000.0,5153000000.0,5277000000.0,-124000000.0,5070000000.0,83000000.0,187262000000.0,198533000000.0,,77000000.0,-3947000000.0,0.0,341000000.0,18000000.0,7447000000.0,187262000000.0,11271000000.0,308000000.0,0.0,4149000000.0,7122000000.0,-231000000.0,6891000000.0,198533000000.0,220900000.0,221000000.0,223000000.0
McKesson Corp,MCK,,927653,2017.0,Q4,2017-01-01,2017-03-31,,16.31,16.31,-0.84,16.16,,1044000000.0,3623000000.0,3630000000.0,-7000000.0,3588000000.0,35000000.0,45917000000.0,48713000000.0,,12000000.0,-7814000000.0,,341000000.0,18000000.0,5512000000.0,45917000000.0,2796000000.0,77000000.0,,-1943000000.0,4739000000.0,-65000000.0,4674000000.0,48713000000.0,220900000.0,221000000.0,223000000.0
McKesson Corp,MCK,,927653,2017.0,Q3,2016-10-01,2016-12-31,2018-02-01 16:05:47+00:00,2.87,2.87,0.28,2.85,0.0,131000000.0,646000000.0,649000000.0,-3000000.0,633000000.0,13000000.0,47318000000.0,50130000000.0,,23000000.0,1981000000.0,0.0,,0.0,,47318000000.0,2812000000.0,74000000.0,0.0,1981000000.0,831000000.0,-51000000.0,780000000.0,50130000000.0,220600000.0,221000000.0,222000000.0
McKesson Corp,MCK,,927653,2017.0,Q3YTD,2016-04-01,2016-12-31,,6.64,6.64,0.84,6.57,290000000.0,570000000.0,1530000000.0,1647000000.0,-117000000.0,1482000000.0,48000000.0,141345000000.0,149820000000.0,,65000000.0,3867000000.0,,,,1935000000.0,141345000000.0,8475000000.0,231000000.0,,6092000000.0,2383000000.0,-166000000.0,2217000000.0,149820000000.0,220600000.0,221000000.0,222000000.0
McKesson Corp,MCK,,927653,2017.0,Q3TTM,2016-01-01,2016-12-31,,8.55,8.55,1.12,8.46,290000000.0,774000000.0,1974000000.0,2112000000.0,-138000000.0,1913000000.0,61000000.0,185171000000.0,196498000000.0,,80000000.0,3764000000.0,,392000000.0,203000000.0,3555000000.0,185171000000.0,11327000000.0,317000000.0,,8204000000.0,3123000000.0,-237000000.0,2886000000.0,196498000000.0,220600000.0,221000000.0,222000000.0
McKesson Corp,MCK,,927653,2017.0,Q2,2016-07-01,2016-09-30,2017-10-27 07:11:33+00:00,1.36,1.36,0.28,1.34,290000000.0,200000000.0,324000000.0,325000000.0,-1000000.0,307000000.0,17000000.0,47201000000.0,49957000000.0,,23000000.0,1886000000.0,,,0.0,,47201000000.0,2756000000.0,78000000.0,0.0,2176000000.0,580000000.0,-55000000.0,525000000.0,49957000000.0,225700000.0,226000000.0,228000000.0
McKesson Corp,MCK,,927653,2017.0,Q2YTD,2016-04-01,2016-09-30,,3.77,3.77,0.56,3.72,290000000.0,439000000.0,884000000.0,998000000.0,-114000000.0,849000000.0,35000000.0,94027000000.0,99690000000.0,,42000000.0,1886000000.0,,,,1935000000.0,94027000000.0,5663000000.0,157000000.0,,4111000000.0,1552000000.0,-115000000.0,1437000000.0,99690000000.0,225700000.0,226000000.0,228000000.0
McKesson Corp,MCK,,927653,2017.0,Q2TTM,2015-10-01,2016-09-30,,8.44,8.44,1.12,8.34,290000000.0,847000000.0,1975000000.0,2105000000.0,-130000000.0,1914000000.0,61000000.0,182880000000.0,194267000000.0,,70000000.0,1783000000.0,,392000000.0,203000000.0,5507000000.0,182880000000.0,11387000000.0,330000000.0,,8175000000.0,3212000000.0,-260000000.0,2952000000.0,194267000000.0,225700000.0,226000000.0,228000000.0
McKesson Corp,MCK,,927653,2017.0,Q1,2016-04-01,2016-06-30,2017-07-27 16:05:26+00:00,2.41,2.41,0.28,2.38,,239000000.0,560000000.0,673000000.0,-113000000.0,542000000.0,18000000.0,46826000000.0,49733000000.0,,19000000.0,,0.0,,,1935000000.0,46826000000.0,2907000000.0,79000000.0,0.0,1935000000.0,972000000.0,-60000000.0,912000000.0,49733000000.0,224900000.0,225000000.0,228000000.0
McKesson Corp,MCK,,927653,2017.0,Q1TTM,2015-07-01,2016-06-30,,9.74,9.74,1.12,9.63,,891000000.0,2281000000.0,2416000000.0,-135000000.0,2224000000.0,57000000.0,181596000000.0,193071000000.0,,64000000.0,-103000000.0,,392000000.0,203000000.0,7397000000.0,181596000000.0,11475000000.0,343000000.0,,7889000000.0,3586000000.0,-279000000.0,3307000000.0,193071000000.0,224900000.0,225000000.0,228000000.0
McKesson Corp,MCK,,927653,2018.0,FY,2017-04-01,2018-03-31,2020-05-22 08:38:58+00:00,0.32,0.32,1.3,0.32,1738000000.0,-53000000.0,297000000.0,292000000.0,5000000.0,67000000.0,230000000.0,197173000000.0,208357000000.0,,-118000000.0,0.0,-146000000.0,125000000.0,567000000.0,8138000000.0,197173000000.0,11184000000.0,405000000.0,,10422000000.0,762000000.0,-523000000.0,239000000.0,208357000000.0,209400000.0,208000000.0,209000000.0
McKesson Corp,MCK,,927653,2018.0,Q4,2018-01-01,2018-03-31,,-5.5,-5.5,-0.96,-5.47,1388000000.0,-7000000.0,-1085000000.0,-1087000000.0,2000000.0,-1146000000.0,61000000.0,48553000000.0,51628000000.0,,-220000000.0,,-37000000.0,125000000.0,325000000.0,2218000000.0,48553000000.0,3075000000.0,201000000.0,271000000.0,4019000000.0,-944000000.0,-150000000.0,-1094000000.0,51628000000.0,209400000.0,208000000.0,209000000.0
McKesson Corp,MCK,,927653,2018.0,Q3,2017-10-01,2017-12-31,2019-01-31 16:27:43+00:00,4.35,4.35,0.34,4.33,0.0,-263000000.0,961000000.0,960000000.0,1000000.0,903000000.0,58000000.0,50902000000.0,53617000000.0,,20000000.0,,-109000000.0,,6000000.0,1984000000.0,50902000000.0,2715000000.0,67000000.0,-90000000.0,1881000000.0,834000000.0,-137000000.0,697000000.0,53617000000.0,207600000.0,207000000.0,208000000.0
McKesson Corp,MCK,,927653,2018.0,Q3YTD,2017-04-01,2017-12-31,,5.82,5.82,0.96,5.79,350000000.0,-46000000.0,1382000000.0,1379000000.0,3000000.0,1213000000.0,169000000.0,148620000000.0,156729000000.0,,102000000.0,,-109000000.0,,242000000.0,5920000000.0,148620000000.0,8109000000.0,204000000.0,-271000000.0,6403000000.0,1706000000.0,-373000000.0,1333000000.0,156729000000.0,207600000.0,207000000.0,208000000.0
McKesson Corp,MCK,,927653,2018.0,Q3TTM,2017-01-01,2017-12-31,,22.13,22.13,1.24,21.95,350000000.0,998000000.0,5005000000.0,5009000000.0,-4000000.0,4801000000.0,204000000.0,194537000000.0,205442000000.0,,114000000.0,-7814000000.0,-109000000.0,341000000.0,260000000.0,11432000000.0,194537000000.0,10905000000.0,281000000.0,-271000000.0,4460000000.0,6445000000.0,-438000000.0,6007000000.0,205442000000.0,207600000.0,207000000.0,208000000.0
McKesson Corp,MCK,,927653,2018.0,Q2,2017-07-01,2017-09-30,2018-10-25 16:06:46+00:00,0.01,0.01,0.34,0.01,350000000.0,122000000.0,56000000.0,56000000.0,0.0,1000000.0,55000000.0,49227000000.0,52061000000.0,,69000000.0,,,,236000000.0,2009000000.0,49227000000.0,2834000000.0,69000000.0,-61000000.0,2595000000.0,239000000.0,-61000000.0,178000000.0,52061000000.0,100000000.0,209000000.0,210000000.0
McKesson Corp,MCK,,927653,2018.0,Q2YTD,2017-04-01,2017-09-30,,1.47,1.47,0.62,1.46,350000000.0,217000000.0,421000000.0,419000000.0,2000000.0,310000000.0,111000000.0,97718000000.0,103112000000.0,,82000000.0,,,,236000000.0,3936000000.0,97718000000.0,5394000000.0,137000000.0,-181000000.0,4522000000.0,872000000.0,-236000000.0,636000000.0,103112000000.0,100000000.0,209000000.0,210000000.0
McKesson Corp,MCK,,927653,2018.0,Q2TTM,2016-10-01,2017-09-30,,20.65,20.65,1.18,20.47,350000000.0,1392000000.0,4690000000.0,4698000000.0,-8000000.0,4531000000.0,159000000.0,190953000000.0,201955000000.0,,117000000.0,-5833000000.0,,341000000.0,254000000.0,9448000000.0,190953000000.0,11002000000.0,288000000.0,-181000000.0,4560000000.0,6442000000.0,-352000000.0,6090000000.0,201955000000.0,100000000.0,209000000.0,210000000.0
McKesson Corp,MCK,,927653,2018.0,Q1,2017-04-01,2017-06-30,2018-07-26 16:09:30+00:00,1.46,1.46,0.28,1.45,0.0,95000000.0,365000000.0,363000000.0,2000000.0,309000000.0,56000000.0,48491000000.0,51051000000.0,,13000000.0,,0.0,,0.0,1927000000.0,48491000000.0,2560000000.0,68000000.0,-120000000.0,1927000000.0,633000000.0,-175000000.0,458000000.0,51051000000.0,211600000.0,211000000.0,213000000.0
McKesson Corp,MCK,,927653,2018.0,Q1TTM,2016-07-01,2017-06-30,,22.0,22.0,1.12,21.8,290000000.0,1470000000.0,4958000000.0,4967000000.0,-9000000.0,4837000000.0,121000000.0,188927000000.0,199851000000.0,,71000000.0,-3947000000.0,,341000000.0,18000000.0,7439000000.0,188927000000.0,10924000000.0,297000000.0,-120000000.0,4141000000.0,6783000000.0,-346000000.0,6437000000.0,199851000000.0,211600000.0,211000000.0,213000000.0
McKesson Corp,MCK,,927653,2019.0,FY,2018-04-01,2019-03-31,2020-05-22 08:38:58+00:00,0.17,0.17,1.51,0.17,1797000000.0,356000000.0,255000000.0,254000000.0,1000000.0,34000000.0,221000000.0,202565000000.0,214319000000.0,,-12000000.0,,0.0,71000000.0,597000000.0,8403000000.0,202565000000.0,11754000000.0,264000000.0,,10868000000.0,886000000.0,-276000000.0,610000000.0,214319000000.0,200000000.0,196000000.0,197000000.0
McKesson Corp,MCK,,927653,2019.0,Q4,2019-01-01,2019-03-31,,-4.08,-4.08,0.39,-4.06,1206000000.0,111000000.0,-744000000.0,-744000000.0,,-796000000.0,52000000.0,49228000000.0,52429000000.0,,-156000000.0,,97000000.0,71000000.0,309000000.0,2087000000.0,49228000000.0,3201000000.0,70000000.0,162000000.0,3770000000.0,-569000000.0,-64000000.0,-633000000.0,52429000000.0,200000000.0,196000000.0,197000000.0
McKesson Corp,MCK,,927653,2019.0,Q3,2018-10-01,2018-12-31,2020-02-04 16:08:50+00:00,2.41,2.41,0.39,2.4,21000000.0,123000000.0,526000000.0,527000000.0,-1000000.0,469000000.0,57000000.0,53238000000.0,56208000000.0,,84000000.0,,,,110000000.0,2156000000.0,53238000000.0,2970000000.0,67000000.0,-50000000.0,2287000000.0,683000000.0,-33000000.0,650000000.0,56208000000.0,194600000.0,194000000.0,195000000.0
McKesson Corp,MCK,,927653,2019.0,Q3YTD,2018-04-01,2018-12-31,,4.25,4.25,1.12,4.23,591000000.0,245000000.0,999000000.0,998000000.0,1000000.0,830000000.0,169000000.0,153337000000.0,161890000000.0,,144000000.0,,-97000000.0,,288000000.0,6316000000.0,153337000000.0,8553000000.0,194000000.0,-162000000.0,7098000000.0,1455000000.0,-212000000.0,1243000000.0,161890000000.0,194600000.0,194000000.0,195000000.0
McKesson Corp,MCK,,927653,2019.0,Q3TTM,2018-01-01,2018-12-31,,-1.25,-1.25,0.16,-1.24,1979000000.0,238000000.0,-86000000.0,-89000000.0,3000000.0,-316000000.0,230000000.0,201890000000.0,213518000000.0,,-76000000.0,,-134000000.0,125000000.0,613000000.0,8534000000.0,201890000000.0,11628000000.0,395000000.0,109000000.0,11117000000.0,511000000.0,-362000000.0,149000000.0,213518000000.0,194600000.0,194000000.0,195000000.0
McKesson Corp,MCK,,927653,2019.0,Q2,2018-07-01,2018-09-30,2019-10-30 16:03:30+00:00,2.52,2.52,0.39,2.51,0.0,35000000.0,553000000.0,552000000.0,1000000.0,499000000.0,54000000.0,50271000000.0,53075000000.0,,20000000.0,,,,82000000.0,2033000000.0,50271000000.0,2804000000.0,66000000.0,-56000000.0,2115000000.0,689000000.0,-102000000.0,587000000.0,53075000000.0,198000000.0,198000000.0,199000000.0
McKesson Corp,MCK,,927653,2019.0,Q2YTD,2018-04-01,2018-09-30,,1.84,1.84,0.73,1.83,570000000.0,122000000.0,473000000.0,471000000.0,2000000.0,361000000.0,112000000.0,100099000000.0,105682000000.0,,60000000.0,,-97000000.0,,178000000.0,4160000000.0,100099000000.0,5583000000.0,127000000.0,-112000000.0,4811000000.0,772000000.0,-179000000.0,593000000.0,105682000000.0,198000000.0,198000000.0,199000000.0
McKesson Corp,MCK,,927653,2019.0,Q2TTM,2017-10-01,2018-09-30,,0.69,0.69,0.11,0.69,1958000000.0,-148000000.0,349000000.0,344000000.0,5000000.0,118000000.0,231000000.0,199554000000.0,210927000000.0,,-140000000.0,,-243000000.0,125000000.0,509000000.0,8362000000.0,199554000000.0,11373000000.0,395000000.0,69000000.0,10711000000.0,662000000.0,-466000000.0,196000000.0,210927000000.0,198000000.0,198000000.0,199000000.0
McKesson Corp,MCK,,927653,2019.0,Q1,2018-04-01,2018-06-30,2019-07-31 18:13:10+00:00,-0.68,-0.68,0.34,-0.68,570000000.0,87000000.0,-80000000.0,-81000000.0,1000000.0,-138000000.0,58000000.0,49828000000.0,52607000000.0,,40000000.0,,-97000000.0,,96000000.0,2127000000.0,49828000000.0,2779000000.0,61000000.0,-56000000.0,2696000000.0,83000000.0,-77000000.0,6000000.0,52607000000.0,202900000.0,202000000.0,202000000.0
McKesson Corp,MCK,,927653,2019.0,Q1TTM,2017-07-01,2018-06-30,,-1.82,-1.82,0.06,-1.81,2308000000.0,-61000000.0,-148000000.0,-152000000.0,4000000.0,-380000000.0,232000000.0,198510000000.0,209913000000.0,,-91000000.0,,-243000000.0,125000000.0,663000000.0,8338000000.0,198510000000.0,11403000000.0,398000000.0,64000000.0,11191000000.0,212000000.0,-425000000.0,-213000000.0,209913000000.0,202900000.0,202000000.0,202000000.0
McKesson Corp,MCK,,927653,2020.0,Q4,2020-01-01,2020-03-31,,5.68,5.68,0.41,5.67,,129000000.0,1078000000.0,1072000000.0,6000000.0,1021000000.0,57000000.0,55199000000.0,58535000000.0,,-1081000000.0,,,96000000.0,64000000.0,2307000000.0,55199000000.0,3336000000.0,65000000.0,1478000000.0,2467000000.0,869000000.0,332000000.0,1201000000.0,58535000000.0,180700000.0,181000000.0,182000000.0
McKesson Corp,MCK,,927653,2020.0,FY,2019-04-01,2020-03-31,2020-05-22 08:38:58+00:00,4.98,4.98,1.62,4.95,2000000.0,18000000.0,1120000000.0,1126000000.0,-6000000.0,900000000.0,220000000.0,219028000000.0,231051000000.0,,-1096000000.0,,0.0,96000000.0,268000000.0,9168000000.0,219028000000.0,12023000000.0,249000000.0,,9534000000.0,2489000000.0,-1345000000.0,1144000000.0,231051000000.0,180700000.0,181000000.0,182000000.0
McKesson Corp,MCK,,927653,2020.0,Q3YTD,2019-04-01,2019-12-31,,-0.7,-0.7,1.21,-0.72,2000000.0,-111000000.0,42000000.0,54000000.0,-12000000.0,-121000000.0,163000000.0,163829000000.0,172516000000.0,,-15000000.0,,,,204000000.0,6861000000.0,163829000000.0,8687000000.0,184000000.0,-1478000000.0,7067000000.0,1620000000.0,-1677000000.0,-57000000.0,172516000000.0,178800000.0,179000000.0,180000000.0
McKesson Corp,MCK,,927653,2020.0,Q3TTM,2019-01-01,2019-12-31,,-4.78,-4.78,1.6,-4.78,1208000000.0,,-702000000.0,-690000000.0,-12000000.0,-917000000.0,215000000.0,213057000000.0,224945000000.0,,-171000000.0,,97000000.0,71000000.0,513000000.0,8948000000.0,213057000000.0,11888000000.0,254000000.0,-1316000000.0,10837000000.0,1051000000.0,-1741000000.0,-690000000.0,224945000000.0,178800000.0,179000000.0,180000000.0
McKesson Corp,MCK,,927653,2020.0,Q3,2019-10-01,2019-12-31,2020-02-04 16:08:50+00:00,1.04,1.04,0.41,1.03,2000000.0,47000000.0,242000000.0,247000000.0,-5000000.0,186000000.0,56000000.0,56139000000.0,59172000000.0,,26000000.0,,,,136000000.0,2535000000.0,56139000000.0,3033000000.0,64000000.0,-28000000.0,2673000000.0,360000000.0,-66000000.0,294000000.0,59172000000.0,178800000.0,179000000.0,180000000.0
McKesson Corp,MCK,,927653,2020.0,Q2YTD,2019-04-01,2019-09-30,,-1.74,-1.74,0.8,-1.75,,-158000000.0,-200000000.0,-193000000.0,-7000000.0,-307000000.0,107000000.0,107690000000.0,113344000000.0,,-41000000.0,,,,68000000.0,4326000000.0,107690000000.0,5654000000.0,120000000.0,-1450000000.0,4394000000.0,1260000000.0,-1611000000.0,-351000000.0,113344000000.0,183000000.0,183000000.0,183000000.0
McKesson Corp,MCK,,927653,2020.0,Q2TTM,2018-10-01,2019-09-30,,-3.41,-3.41,1.58,-3.41,1227000000.0,76000000.0,-418000000.0,-410000000.0,-8000000.0,-634000000.0,216000000.0,210156000000.0,221981000000.0,,-113000000.0,,97000000.0,71000000.0,487000000.0,8569000000.0,210156000000.0,11825000000.0,257000000.0,-1338000000.0,10451000000.0,1374000000.0,-1708000000.0,-334000000.0,221981000000.0,183000000.0,183000000.0,183000000.0
McKesson Corp,MCK,,927653,2020.0,Q2,2019-07-01,2019-09-30,2019-10-30 16:03:30+00:00,-3.99,-3.99,0.41,-3.99,0.0,-294000000.0,-677000000.0,-676000000.0,-1000000.0,-730000000.0,53000000.0,54749000000.0,57616000000.0,,-78000000.0,,,,45000000.0,2196000000.0,54749000000.0,2867000000.0,64000000.0,-1454000000.0,2241000000.0,626000000.0,-1596000000.0,-970000000.0,57616000000.0,183000000.0,183000000.0,183000000.0
McKesson Corp,MCK,,927653,2020.0,Q1TTM,2018-07-01,2019-06-30,,3.1,3.1,1.56,3.09,1227000000.0,405000000.0,812000000.0,818000000.0,-6000000.0,595000000.0,217000000.0,205678000000.0,217440000000.0,,-15000000.0,,97000000.0,71000000.0,524000000.0,8406000000.0,205678000000.0,11762000000.0,259000000.0,60000000.0,10325000000.0,1437000000.0,-214000000.0,1223000000.0,217440000000.0,188000000.0,188000000.0,189000000.0
McKesson Corp,MCK,,927653,2020.0,Q1,2019-04-01,2019-06-30,2019-07-31 18:13:10+00:00,2.25,2.25,0.39,2.24,0.0,136000000.0,477000000.0,483000000.0,-6000000.0,423000000.0,54000000.0,52941000000.0,55728000000.0,,37000000.0,,0.0,,23000000.0,2130000000.0,52941000000.0,2787000000.0,56000000.0,4000000.0,2153000000.0,634000000.0,-15000000.0,619000000.0,55728000000.0,188000000.0,188000000.0,189000000.0
