company_name,company_ticker,company_lei,company_cik,year,quarter,start_date,end_date,filing_date,basicdilutedeps,basiceps,cashdividendspershare,dilutedeps,incometaxexpense,netincome,netincomecontinuing,netincomediscontinued,netincometocommon,netincometononcontrollinginterest,operatingcostofrevenue,operatingrevenue,othergains,otherincome,otheroperatingexpenses,rdexpense,restructuringcharge,sgaexpense,totalcostofrevenue,totalgrossprofit,totalinterestexpense,totaloperatingexpenses,totaloperatingincome,totalotherincome,totalpretaxincome,totalrevenue,weightedavebasicdilutedsharesos,weightedavebasicsharesos,weightedavedilutedsharesos
Albemarle Corp,ALB,,915913,2008.0,FY,2008-01-01,2008-12-31,2011-02-25 16:10:25+00:00,2.12,2.12,0.48,2.09,-6539000.0,213008000.0,213008000.0,,194202000.0,18806000.0,1859441000.0,2467115000.0,23126000.0,601000.0,,67292000.0,64333000.0,255132000.0,1859441000.0,607674000.0,38175000.0,386757000.0,220917000.0,-37574000.0,183343000.0,2467115000.0,91600000.0,91657000.0,92741000.0
Albemarle Corp,ALB,,915913,2009.0,FY,2009-01-01,2009-12-31,2012-02-22 11:36:14+00:00,1.95,1.95,0.5,1.94,-7028000.0,189623000.0,189623000.0,,178368000.0,11255000.0,1521532000.0,2005394000.0,22322000.0,-1423000.0,,60918000.0,24036000.0,212628000.0,1521532000.0,483862000.0,24584000.0,297582000.0,186280000.0,-26007000.0,160273000.0,2005394000.0,91500000.0,91512000.0,92046000.0
Albemarle Corp,ALB,,915913,2009.0,Q3,2009-07-01,2009-09-30,2010-10-29 10:32:19+00:00,0.57,0.57,0.125,0.57,5549000.0,57329000.0,57329000.0,,52131000.0,5198000.0,381197000.0,515276000.0,5809000.0,343000.0,,14983000.0,,56171000.0,381197000.0,134079000.0,6199000.0,71154000.0,62925000.0,-5856000.0,57069000.0,515276000.0,91500000.0,91588000.0,92174000.0
Albemarle Corp,ALB,,915913,2009.0,Q2,2009-04-01,2009-06-30,2010-08-06 09:11:13+00:00,0.42,0.42,0.125,0.42,-7749000.0,40132000.0,40132000.0,,38493000.0,1639000.0,335481000.0,445299000.0,6204000.0,1276000.0,,14953000.0,12393000.0,51481000.0,335481000.0,109818000.0,6088000.0,78827000.0,30991000.0,-4812000.0,26179000.0,445299000.0,91700000.0,91474000.0,92011000.0
Albemarle Corp,ALB,,915913,2010.0,Q4,2010-10-01,2010-12-31,,0.92,0.84,0.14,0.83,18839000.0,81397000.0,81397000.0,,77030000.0,4367000.0,412526000.0,604975000.0,8025000.0,1204000.0,,14672000.0,,79296000.0,412526000.0,192449000.0,7474000.0,93968000.0,98481000.0,-6270000.0,92211000.0,604975000.0,89200000.0,91393000.0,92184000.0
Albemarle Corp,ALB,,915913,2010.0,FY,2010-01-01,2010-12-31,2013-02-15 16:16:57+00:00,3.54,3.46,0.56,3.43,87756000.0,329417000.0,329417000.0,,315778000.0,13639000.0,1620854000.0,2362764000.0,37975000.0,2788000.0,,58394000.0,6958000.0,274615000.0,1620854000.0,741910000.0,25533000.0,339967000.0,401943000.0,-22745000.0,379198000.0,2362764000.0,89200000.0,91393000.0,92184000.0
Albemarle Corp,ALB,,915913,2010.0,Q3YTD,2010-01-01,2010-09-30,,2.62,2.62,0.42,2.6,68917000.0,248020000.0,248020000.0,,238748000.0,9272000.0,1208328000.0,1757789000.0,29950000.0,1584000.0,,43722000.0,6958000.0,195319000.0,1208328000.0,549461000.0,18059000.0,245999000.0,303462000.0,-16475000.0,286987000.0,1757789000.0,91000000.0,91312000.0,92082000.0
Albemarle Corp,ALB,,915913,2010.0,Q3,2010-07-01,2010-09-30,2011-10-25 12:05:50+00:00,1.03,1.03,0.14,1.02,27886000.0,97020000.0,97020000.0,,93689000.0,3331000.0,388213000.0,585036000.0,9179000.0,1303000.0,,14336000.0,0.0,61924000.0,388213000.0,196823000.0,6139000.0,76260000.0,120563000.0,-4836000.0,115727000.0,585036000.0,91000000.0,91312000.0,92082000.0
Albemarle Corp,ALB,,915913,2010.0,Q2YTD,2010-01-01,2010-06-30,,1.59,1.59,0.28,1.58,41031000.0,151000000.0,151000000.0,,145059000.0,5941000.0,820115000.0,1172753000.0,20771000.0,281000.0,,29386000.0,6958000.0,133395000.0,820115000.0,352638000.0,11920000.0,169739000.0,182899000.0,-11639000.0,171260000.0,1172753000.0,90800000.0,91308000.0,92111000.0
Albemarle Corp,ALB,,915913,2010.0,Q2,2010-04-01,2010-06-30,2011-07-26 12:33:08+00:00,0.9,0.9,0.14,0.89,24331000.0,86086000.0,86086000.0,,81751000.0,4335000.0,404316000.0,592483000.0,10495000.0,-729000.0,,14667000.0,0.0,66865000.0,404316000.0,188167000.0,5984000.0,81532000.0,106635000.0,-6713000.0,99922000.0,592483000.0,90800000.0,91308000.0,92111000.0
Albemarle Corp,ALB,,915913,2010.0,Q1,2010-01-01,2010-03-31,2011-04-28 15:13:01+00:00,0.69,0.69,0.14,0.69,16700000.0,64914000.0,64914000.0,,63308000.0,1606000.0,415799000.0,580270000.0,10276000.0,1010000.0,,14719000.0,6958000.0,66530000.0,415799000.0,164471000.0,5936000.0,88207000.0,76264000.0,-4926000.0,71338000.0,580270000.0,91800000.0,91386000.0,92193000.0
Albemarle Corp,ALB,,915913,2011.0,Q4,2011-10-01,2011-12-31,,0.64,0.64,0.17,0.62,3711000.0,59778000.0,59778000.0,,55277000.0,4501000.0,495420000.0,707390000.0,6636000.0,-177000.0,,18987000.0,,126955000.0,495420000.0,211970000.0,8998000.0,145942000.0,66028000.0,-9175000.0,56853000.0,707390000.0,90600000.0,90522000.0,91522000.0
Albemarle Corp,ALB,,915913,2011.0,FY,2011-01-01,2011-12-31,2014-02-25 17:24:49+00:00,4.33,4.33,0.67,4.28,104134000.0,420197000.0,420197000.0,,392114000.0,28083000.0,1914058000.0,2869005000.0,43754000.0,357000.0,,77083000.0,0.0,360070000.0,1914058000.0,954947000.0,37574000.0,437153000.0,517794000.0,-37217000.0,480577000.0,2869005000.0,90600000.0,90522000.0,91522000.0
Albemarle Corp,ALB,,915913,2011.0,Q3YTD,2011-01-01,2011-09-30,,3.69,3.69,0.5,3.66,100423000.0,360419000.0,360419000.0,,336837000.0,23582000.0,1418638000.0,2161615000.0,37118000.0,534000.0,,58096000.0,,233115000.0,1418638000.0,742977000.0,28576000.0,291211000.0,451766000.0,-28042000.0,423724000.0,2161615000.0,90000000.0,89935000.0,90958000.0
Albemarle Corp,ALB,,915913,2011.0,Q3TTM,2010-10-01,2011-09-30,,4.61,4.53,0.64,4.49,119262000.0,441816000.0,441816000.0,,413867000.0,27949000.0,1831164000.0,2766590000.0,45143000.0,1738000.0,,72768000.0,,312411000.0,1831164000.0,935426000.0,36050000.0,385179000.0,550247000.0,-34312000.0,515935000.0,2766590000.0,90000000.0,89935000.0,90958000.0
Albemarle Corp,ALB,,915913,2011.0,Q3,2011-07-01,2011-09-30,2012-10-19 11:48:59+00:00,1.29,1.29,0.165,1.28,38097000.0,122958000.0,122958000.0,,116098000.0,6860000.0,464965000.0,722977000.0,9500000.0,956000.0,,20534000.0,,77169000.0,464965000.0,258012000.0,9710000.0,97703000.0,160309000.0,-8754000.0,151555000.0,722977000.0,90000000.0,89935000.0,90958000.0
Albemarle Corp,ALB,,915913,2011.0,Q2YTD,2011-01-01,2011-06-30,,2.4,2.4,0.33,2.38,62326000.0,237461000.0,237461000.0,,220739000.0,16722000.0,953673000.0,1438638000.0,27618000.0,-422000.0,,37562000.0,,155946000.0,953673000.0,484965000.0,18866000.0,193508000.0,291457000.0,-19288000.0,272169000.0,1438638000.0,92100000.0,91713000.0,92795000.0
Albemarle Corp,ALB,,915913,2011.0,Q2TTM,2010-07-01,2011-06-30,,4.35,4.27,0.61,4.23,109051000.0,415878000.0,415878000.0,,391458000.0,24420000.0,1754412000.0,2628649000.0,44822000.0,2085000.0,,66570000.0,,297166000.0,1754412000.0,874237000.0,32479000.0,363736000.0,510501000.0,-30394000.0,480107000.0,2628649000.0,92100000.0,91713000.0,92795000.0
Albemarle Corp,ALB,,915913,2011.0,Q2,2011-04-01,2011-06-30,2012-07-19 14:44:54+00:00,1.24,1.24,0.165,1.23,30154000.0,123694000.0,123694000.0,,114159000.0,9535000.0,490159000.0,742108000.0,14787000.0,-760000.0,,19947000.0,,82907000.0,490159000.0,251949000.0,9274000.0,102854000.0,149095000.0,-10034000.0,139061000.0,742108000.0,92100000.0,91713000.0,92795000.0
Albemarle Corp,ALB,,915913,2011.0,Q1TTM,2010-04-01,2011-03-31,,4.01,3.93,0.59,3.89,103228000.0,378270000.0,378270000.0,,359050000.0,19220000.0,1668569000.0,2479024000.0,40530000.0,2116000.0,,61290000.0,,281124000.0,1668569000.0,810455000.0,29189000.0,342414000.0,468041000.0,-27073000.0,440968000.0,2479024000.0,91900000.0,91633000.0,92517000.0
Albemarle Corp,ALB,,915913,2011.0,Q1,2011-01-01,2011-03-31,2012-04-19 12:06:40+00:00,1.16,1.16,0.165,1.15,32172000.0,113767000.0,113767000.0,,106580000.0,7187000.0,463514000.0,696530000.0,12831000.0,338000.0,,17615000.0,,73039000.0,463514000.0,233016000.0,9592000.0,90654000.0,142362000.0,-9254000.0,133108000.0,696530000.0,91900000.0,91633000.0,92517000.0
Albemarle Corp,ALB,,915913,2012.0,Q4,2012-10-01,2012-12-31,,1.74,0.42,0.2,0.42,-12949000.0,43465000.0,39184000.0,4281000.0,37726000.0,5739000.0,280505000.0,461330000.0,8834000.0,-335000.0,,19128000.0,16982000.0,119313000.0,280505000.0,180825000.0,7666000.0,155423000.0,25402000.0,-8001000.0,17401000.0,461330000.0,89300000.0,89189000.0,89884000.0
Albemarle Corp,ALB,,915913,2012.0,FY,2012-01-01,2012-12-31,2015-02-27 18:56:38+00:00,3.49,3.49,0.8,3.47,80433000.0,330127000.0,325846000.0,4281000.0,311536000.0,18591000.0,1620311000.0,2519154000.0,38067000.0,1229000.0,,78919000.0,111685000.0,308456000.0,1620311000.0,898843000.0,32800000.0,499060000.0,399783000.0,-31571000.0,368212000.0,2519154000.0,89300000.0,89189000.0,89884000.0
Albemarle Corp,ALB,,915913,2012.0,Q3YTD,2012-01-01,2012-09-30,,1.75,3.07,0.6,3.05,93382000.0,286662000.0,286662000.0,,273810000.0,12852000.0,1339806000.0,2057824000.0,29233000.0,1564000.0,,59791000.0,94703000.0,189143000.0,1339806000.0,718018000.0,25134000.0,343637000.0,374381000.0,-23570000.0,350811000.0,2057824000.0,912200000.0,89327000.0,89879000.0
Albemarle Corp,ALB,,915913,2012.0,Q3TTM,2011-10-01,2012-09-30,,2.39,3.71,0.77,3.67,97093000.0,346440000.0,346440000.0,,329087000.0,17353000.0,1835226000.0,2765214000.0,35869000.0,1387000.0,,78778000.0,94703000.0,316098000.0,1835226000.0,929988000.0,34132000.0,489579000.0,440409000.0,-32745000.0,407664000.0,2765214000.0,912200000.0,89327000.0,89879000.0
Albemarle Corp,ALB,,915913,2012.0,Q3,2012-07-01,2012-09-30,2013-10-18 16:38:52+00:00,0.12,1.23,0.2,1.22,32472000.0,114434000.0,114434000.0,,109459000.0,4975000.0,443476000.0,661226000.0,7935000.0,2370000.0,,19831000.0,0.0,53404000.0,443476000.0,217750000.0,7914000.0,73235000.0,144515000.0,-5544000.0,138971000.0,661226000.0,912200000.0,89327000.0,89879000.0
Albemarle Corp,ALB,,915913,2012.0,Q2YTD,2012-01-01,2012-06-30,,1.63,1.84,0.4,1.83,60910000.0,172228000.0,172228000.0,,164351000.0,7877000.0,896330000.0,1396598000.0,21298000.0,-806000.0,,39960000.0,94703000.0,135739000.0,896330000.0,500268000.0,17220000.0,270402000.0,229866000.0,-18026000.0,211840000.0,1396598000.0,119300000.0,89414000.0,90051000.0
Albemarle Corp,ALB,,915913,2012.0,Q2TTM,2011-07-01,2012-06-30,,3.56,3.77,0.74,3.73,102718000.0,354964000.0,354964000.0,,335726000.0,19238000.0,1856715000.0,2826965000.0,37434000.0,-27000.0,,79481000.0,94703000.0,339863000.0,1856715000.0,970250000.0,35928000.0,514047000.0,456203000.0,-35955000.0,420248000.0,2826965000.0,119300000.0,89414000.0,90051000.0
Albemarle Corp,ALB,,915913,2012.0,Q2,2012-04-01,2012-06-30,2013-07-19 15:24:25+00:00,0.42,0.56,0.2,0.56,21882000.0,53595000.0,53595000.0,,50089000.0,3506000.0,435606000.0,684894000.0,12712000.0,-688000.0,,20911000.0,94703000.0,61735000.0,435606000.0,249288000.0,8486000.0,177349000.0,71939000.0,-9174000.0,62765000.0,684894000.0,119300000.0,89414000.0,90051000.0
Albemarle Corp,ALB,,915913,2012.0,Q1TTM,2011-04-01,2012-03-31,,4.38,4.45,0.71,4.4,110990000.0,425063000.0,425063000.0,,399796000.0,25267000.0,1911268000.0,2884179000.0,39509000.0,-99000.0,,78517000.0,,361035000.0,1911268000.0,972911000.0,36716000.0,439552000.0,533359000.0,-36815000.0,496544000.0,2884179000.0,94400000.0,88997000.0,89947000.0
Albemarle Corp,ALB,,915913,2012.0,Q1,2012-01-01,2012-03-31,2013-04-19 14:03:07+00:00,1.21,1.28,0.2,1.27,39028000.0,118633000.0,118633000.0,,114262000.0,4371000.0,460724000.0,711704000.0,8586000.0,-118000.0,,19049000.0,,74004000.0,460724000.0,250980000.0,8734000.0,93053000.0,157927000.0,-8852000.0,149075000.0,711704000.0,94400000.0,88997000.0,89947000.0
Albemarle Corp,ALB,,915913,2013.0,FY,2013-01-01,2013-12-31,2016-02-29 17:50:14+00:00,4.93,4.93,0.96,4.9,134445000.0,439834000.0,435726000.0,4108000.0,413171000.0,26663000.0,1543799000.0,2394270000.0,31729000.0,-6674000.0,,82246000.0,33361000.0,158189000.0,1543799000.0,850471000.0,31559000.0,273796000.0,576675000.0,-38233000.0,538442000.0,2394270000.0,83800000.0,83839000.0,84322000.0
Albemarle Corp,ALB,,915913,2013.0,Q4,2013-10-01,2013-12-31,,1.89,1.89,0.24,1.87,60894000.0,161346000.0,160397000.0,949000.0,155933000.0,5413000.0,335007000.0,584607000.0,6421000.0,-512000.0,,21287000.0,33361000.0,-29654000.0,335007000.0,249600000.0,9224000.0,24994000.0,224606000.0,-9736000.0,214870000.0,584607000.0,83800000.0,83839000.0,84322000.0
Albemarle Corp,ALB,,915913,2013.0,Q3YTD,2013-01-01,2013-09-30,,3.04,3.04,0.72,3.03,73551000.0,278488000.0,275329000.0,3159000.0,257238000.0,21250000.0,1208792000.0,1809663000.0,25308000.0,-6162000.0,,60959000.0,,187843000.0,1208792000.0,600871000.0,22335000.0,248802000.0,352069000.0,-28497000.0,323572000.0,1809663000.0,81500000.0,81385000.0,81852000.0
Albemarle Corp,ALB,,915913,2013.0,Q3TTM,2012-10-01,2013-09-30,,4.78,3.46,0.92,3.45,60602000.0,321953000.0,314513000.0,7440000.0,294964000.0,26989000.0,1489297000.0,2270993000.0,34142000.0,-6497000.0,,80087000.0,16982000.0,307156000.0,1489297000.0,781696000.0,30001000.0,404225000.0,377471000.0,-36498000.0,340973000.0,2270993000.0,81500000.0,81385000.0,81852000.0
Albemarle Corp,ALB,,915913,2013.0,Q3,2013-07-01,2013-09-30,2014-10-29 15:44:39+00:00,1.11,1.11,0.24,1.11,26963000.0,97844000.0,97313000.0,531000.0,90512000.0,7332000.0,381585000.0,591196000.0,5338000.0,-368000.0,,19441000.0,0.0,61368000.0,381585000.0,209611000.0,9496000.0,80809000.0,128802000.0,-9864000.0,118938000.0,591196000.0,81500000.0,81385000.0,81852000.0
Albemarle Corp,ALB,,915913,2013.0,Q2YTD,2013-01-01,2013-06-30,,1.93,1.93,0.48,1.92,46588000.0,180644000.0,178016000.0,2628000.0,166726000.0,13918000.0,827207000.0,1218467000.0,19970000.0,-5794000.0,,41518000.0,,126475000.0,827207000.0,391260000.0,12839000.0,167993000.0,223267000.0,-18633000.0,204634000.0,1218467000.0,84400000.0,84028000.0,84489000.0
Albemarle Corp,ALB,,915913,2013.0,Q2TTM,2012-07-01,2013-06-30,,3.79,3.58,0.88,3.56,66111000.0,338543000.0,331634000.0,6909000.0,313911000.0,24632000.0,1551188000.0,2341023000.0,36739000.0,-3759000.0,,80477000.0,16982000.0,299192000.0,1551188000.0,789835000.0,28419000.0,396651000.0,393184000.0,-32178000.0,361006000.0,2341023000.0,84400000.0,84028000.0,84489000.0
Albemarle Corp,ALB,,915913,2013.0,Q2,2013-04-01,2013-06-30,2014-07-31 15:58:00+00:00,0.98,0.98,0.24,0.98,20396000.0,91128000.0,88500000.0,2628000.0,82739000.0,8389000.0,385172000.0,576842000.0,9709000.0,-1585000.0,,21565000.0,0.0,61725000.0,385172000.0,191670000.0,7608000.0,83290000.0,108380000.0,-9193000.0,99187000.0,576842000.0,84400000.0,84028000.0,84489000.0
Albemarle Corp,ALB,,915913,2013.0,Q1TTM,2012-04-01,2013-03-31,,3.23,3.16,0.84,3.14,67597000.0,301010000.0,296729000.0,4281000.0,281261000.0,19749000.0,1601622000.0,2449075000.0,39742000.0,-2862000.0,,79823000.0,111685000.0,299202000.0,1601622000.0,847453000.0,29297000.0,490710000.0,356743000.0,-32159000.0,324584000.0,2449075000.0,88400000.0,88719000.0,89236000.0
Albemarle Corp,ALB,,915913,2013.0,Q1,2013-01-01,2013-03-31,2014-04-24 17:21:41+00:00,0.95,0.95,0.24,0.94,26192000.0,89516000.0,89516000.0,,83987000.0,5529000.0,442035000.0,641625000.0,10261000.0,-4209000.0,,19953000.0,0.0,64750000.0,442035000.0,199590000.0,5231000.0,84703000.0,114887000.0,-9440000.0,105447000.0,641625000.0,88400000.0,88719000.0,89236000.0
Albemarle Corp,ALB,,915913,2014.0,FY,2014-01-01,2014-12-31,2017-02-27 17:53:25+00:00,1.69,1.69,1.1,1.69,18484000.0,160906000.0,230437000.0,-69531000.0,133316000.0,27590000.0,1674700000.0,2445548000.0,35742000.0,-16761000.0,,88310000.0,56105000.0,355135000.0,1674700000.0,770848000.0,41358000.0,499550000.0,271298000.0,-58119000.0,213179000.0,2445548000.0,78900000.0,78696000.0,79102000.0
Albemarle Corp,ALB,,915913,2014.0,Q4,2014-10-01,2014-12-31,,-0.24,-0.24,0.28,-0.23,-28216000.0,-14048000.0,-12990000.0,-1058000.0,-18508000.0,4460000.0,436126000.0,598566000.0,7542000.0,-10307000.0,,21394000.0,20376000.0,144008000.0,436126000.0,162440000.0,15103000.0,185778000.0,-23338000.0,-25410000.0,-48748000.0,598566000.0,78900000.0,78696000.0,79102000.0
Albemarle Corp,ALB,,915913,2014.0,Q3,2014-07-01,2014-09-30,2015-11-06 17:19:31+00:00,0.93,0.93,0.275,0.93,11737000.0,81340000.0,88019000.0,-6679000.0,72794000.0,8546000.0,436972000.0,642418000.0,8650000.0,-6618000.0,,22407000.0,10554000.0,66012000.0,436972000.0,205446000.0,8749000.0,98973000.0,106473000.0,-15367000.0,91106000.0,642418000.0,78300000.0,78244000.0,78659000.0
Albemarle Corp,ALB,,915913,2014.0,Q3YTD,2014-01-01,2014-09-30,,1.93,1.93,0.83,1.92,46700000.0,174954000.0,243427000.0,-68473000.0,151824000.0,23130000.0,1238574000.0,1846982000.0,28200000.0,-6454000.0,,66916000.0,35729000.0,211127000.0,1238574000.0,608408000.0,26255000.0,313772000.0,294636000.0,-32709000.0,261927000.0,1846982000.0,78300000.0,78244000.0,78659000.0
Albemarle Corp,ALB,,915913,2014.0,Q3TTM,2013-10-01,2014-09-30,,3.82,3.82,1.06,3.79,107594000.0,336300000.0,403824000.0,-67524000.0,307757000.0,28543000.0,1573581000.0,2431589000.0,34621000.0,-6966000.0,,88203000.0,69090000.0,181473000.0,1573581000.0,858008000.0,35479000.0,338766000.0,519242000.0,-42445000.0,476797000.0,2431589000.0,78300000.0,78244000.0,78659000.0
Albemarle Corp,ALB,,915913,2014.0,Q2YTD,2014-01-01,2014-06-30,,1.0,1.0,0.55,0.99,34963000.0,93614000.0,155408000.0,-61794000.0,79030000.0,14584000.0,801602000.0,1204564000.0,19550000.0,164000.0,,44509000.0,25175000.0,145115000.0,801602000.0,402962000.0,17506000.0,214799000.0,188163000.0,-17342000.0,170821000.0,1204564000.0,77400000.0,78662000.0,79091000.0
Albemarle Corp,ALB,,915913,2014.0,Q2TTM,2013-07-01,2014-06-30,,4.0,4.0,1.03,3.97,122820000.0,352804000.0,413118000.0,-60314000.0,325475000.0,27329000.0,1518194000.0,2380367000.0,31309000.0,-716000.0,,85237000.0,58536000.0,176829000.0,1518194000.0,862173000.0,36226000.0,320602000.0,541571000.0,-36942000.0,504629000.0,2380367000.0,77400000.0,78662000.0,79091000.0
Albemarle Corp,ALB,,915913,2014.0,Q2,2014-04-01,2014-06-30,2015-08-06 18:15:22+00:00,0.29,0.29,0.275,0.28,21773000.0,29379000.0,89404000.0,-60025000.0,22447000.0,6932000.0,397358000.0,604721000.0,10649000.0,-979000.0,,21937000.0,8175000.0,67011000.0,397358000.0,207363000.0,8733000.0,97123000.0,110240000.0,-9712000.0,100528000.0,604721000.0,77400000.0,78662000.0,79091000.0
Albemarle Corp,ALB,,915913,2014.0,Q1TTM,2013-04-01,2014-03-31,,4.69,4.69,0.99,4.67,121443000.0,414553000.0,412214000.0,2339000.0,385767000.0,28786000.0,1506008000.0,2352488000.0,30369000.0,-1322000.0,,84865000.0,50361000.0,171543000.0,1506008000.0,846480000.0,35101000.0,306769000.0,539711000.0,-36423000.0,503288000.0,2352488000.0,79700000.0,79735000.0,80112000.0
Albemarle Corp,ALB,,915913,2014.0,Q1,2014-01-01,2014-03-31,2015-05-11 17:22:23+00:00,0.71,0.71,0.275,0.71,13190000.0,64235000.0,66004000.0,-1769000.0,56583000.0,7652000.0,404244000.0,599843000.0,8901000.0,1143000.0,,22572000.0,17000000.0,78104000.0,404244000.0,195599000.0,8773000.0,117676000.0,77923000.0,-7630000.0,70293000.0,599843000.0,79700000.0,79735000.0,80112000.0
Albemarle Corp,ALB,,915913,2015.0,FY,2015-01-01,2015-12-31,2018-02-27 17:56:57+00:00,3.01,3.01,1.16,3.0,11134000.0,360064000.0,327588000.0,32476000.0,334906000.0,25158000.0,1966196000.0,2826429000.0,27978000.0,47283000.0,,89187000.0,125495000.0,300440000.0,1966196000.0,860233000.0,81650000.0,515122000.0,345111000.0,-34367000.0,310744000.0,2826429000.0,111300000.0,111182000.0,111556000.0
Albemarle Corp,ALB,,915913,2015.0,Q4,2015-10-01,2015-12-31,,1.57,1.57,0.29,1.56,-31001000.0,182703000.0,171379000.0,11324000.0,174252000.0,8451000.0,359828000.0,530519000.0,6732000.0,-3084000.0,,18867000.0,13430000.0,-4347000.0,359828000.0,170691000.0,6011000.0,27950000.0,142741000.0,-9095000.0,133646000.0,530519000.0,111300000.0,111182000.0,111556000.0
Albemarle Corp,ALB,,915913,2015.0,Q3,2015-07-01,2015-09-30,2016-11-07 17:56:47+00:00,0.58,0.58,0.29,0.58,13144000.0,70872000.0,59842000.0,11030000.0,65392000.0,5480000.0,474171000.0,693216000.0,5736000.0,124000.0,,21903000.0,29710000.0,81012000.0,474171000.0,219045000.0,19294000.0,132625000.0,86420000.0,-19170000.0,67250000.0,693216000.0,112700000.0,112202000.0,112544000.0
Albemarle Corp,ALB,,915913,2015.0,Q3YTD,2015-01-01,2015-09-30,,1.44,1.44,0.87,1.44,42135000.0,177361000.0,156209000.0,21152000.0,160654000.0,16707000.0,1606368000.0,2295910000.0,21246000.0,50367000.0,,70320000.0,112065000.0,304787000.0,1606368000.0,689542000.0,75639000.0,487172000.0,202370000.0,-25272000.0,177098000.0,2295910000.0,112700000.0,112202000.0,112544000.0
Albemarle Corp,ALB,,915913,2015.0,Q3TTM,2014-10-01,2015-09-30,,1.2,1.2,1.15,1.21,13919000.0,163313000.0,143219000.0,20094000.0,142146000.0,21167000.0,2042494000.0,2894476000.0,28788000.0,40060000.0,,91714000.0,132441000.0,448795000.0,2042494000.0,851982000.0,90742000.0,672950000.0,179032000.0,-50682000.0,128350000.0,2894476000.0,112700000.0,112202000.0,112544000.0
Albemarle Corp,ALB,,915913,2015.0,Q2,2015-04-01,2015-06-30,2016-08-05 17:01:53+00:00,0.46,0.46,0.29,0.46,14851000.0,59340000.0,49218000.0,10122000.0,52147000.0,7193000.0,506259000.0,718290000.0,5118000.0,286000.0,,21925000.0,22832000.0,88010000.0,506259000.0,212031000.0,20599000.0,132767000.0,79264000.0,-20313000.0,58951000.0,718290000.0,113400000.0,112189000.0,112607000.0
Albemarle Corp,ALB,,915913,2015.0,Q2YTD,2015-01-01,2015-06-30,,0.86,0.86,0.58,0.86,28991000.0,106489000.0,96367000.0,10122000.0,95262000.0,11227000.0,1132197000.0,1602694000.0,15510000.0,50243000.0,,48417000.0,82355000.0,223775000.0,1132197000.0,470497000.0,56345000.0,354547000.0,115950000.0,-6102000.0,109848000.0,1602694000.0,113400000.0,112189000.0,112607000.0
Albemarle Corp,ALB,,915913,2015.0,Q2TTM,2014-07-01,2015-06-30,,1.55,1.55,1.13,1.56,12512000.0,173781000.0,171396000.0,2385000.0,149548000.0,24233000.0,2005295000.0,2843678000.0,31702000.0,33318000.0,,92218000.0,113285000.0,433795000.0,2005295000.0,838383000.0,80197000.0,639298000.0,199085000.0,-46879000.0,152206000.0,2843678000.0,113400000.0,112189000.0,112607000.0
Albemarle Corp,ALB,,915913,2015.0,Q1,2015-01-01,2015-03-31,2016-05-10 17:06:19+00:00,0.4,0.4,0.29,0.4,14140000.0,47149000.0,47149000.0,,43115000.0,4034000.0,625938000.0,884404000.0,10392000.0,49957000.0,,26492000.0,59523000.0,135765000.0,625938000.0,258466000.0,35746000.0,221780000.0,36686000.0,14211000.0,50897000.0,884404000.0,107800000.0,108130000.0,108464000.0
Albemarle Corp,ALB,,915913,2015.0,Q1TTM,2014-04-01,2015-03-31,,1.38,1.38,1.12,1.38,19434000.0,143820000.0,211582000.0,-67762000.0,119848000.0,23972000.0,1896394000.0,2730109000.0,37233000.0,32053000.0,,92230000.0,98628000.0,412796000.0,1896394000.0,833715000.0,68331000.0,603654000.0,230061000.0,-36278000.0,193783000.0,2730109000.0,107800000.0,108130000.0,108464000.0
Albemarle Corp,ALB,,915913,2016.0,FY,2016-01-01,2016-12-31,2019-02-27 16:27:52+00:00,5.73,5.73,1.22,5.68,96263000.0,680769000.0,478638000.0,202131000.0,643675000.0,37094000.0,1706897000.0,2677203000.0,59637000.0,101763000.0,,80475000.0,57384000.0,353765000.0,1706897000.0,970306000.0,65181000.0,491624000.0,478682000.0,36582000.0,515264000.0,2677203000.0,112300000.0,112379000.0,113239000.0
Albemarle Corp,ALB,,915913,2016.0,Q4,2016-10-01,2016-12-31,,5.36,5.36,0.31,5.31,34728000.0,610278000.0,50304000.0,559974000.0,602090000.0,8188000.0,455959000.0,696655000.0,14847000.0,-21275000.0,,19091000.0,13047000.0,98777000.0,455959000.0,240696000.0,18321000.0,130915000.0,109781000.0,-39596000.0,70185000.0,696655000.0,112300000.0,112379000.0,113239000.0
Albemarle Corp,ALB,,915913,2016.0,Q3,2016-07-01,2016-09-30,2017-11-08 17:45:48+00:00,1.14,1.14,0.305,1.13,12394000.0,137697000.0,114512000.0,23185000.0,128220000.0,9477000.0,415038000.0,654010000.0,14953000.0,2990000.0,,21012000.0,6749000.0,86302000.0,415038000.0,238972000.0,15946000.0,114063000.0,124909000.0,-12956000.0,111953000.0,654010000.0,112500000.0,112429000.0,113448000.0
Albemarle Corp,ALB,,915913,2016.0,Q3YTD,2016-01-01,2016-09-30,,0.37,0.37,0.92,0.37,61535000.0,70491000.0,428334000.0,-357843000.0,41585000.0,28906000.0,1250938000.0,1980548000.0,44790000.0,123038000.0,,61384000.0,44337000.0,254988000.0,1250938000.0,729610000.0,46860000.0,360709000.0,368901000.0,76178000.0,445079000.0,1980548000.0,112500000.0,112429000.0,113448000.0
Albemarle Corp,ALB,,915913,2016.0,Q3TTM,2015-10-01,2016-09-30,,1.94,1.94,1.2,1.93,30534000.0,253194000.0,599713000.0,-346519000.0,215837000.0,37357000.0,1610766000.0,2511067000.0,51522000.0,119954000.0,,80251000.0,57767000.0,250641000.0,1610766000.0,900301000.0,52871000.0,388659000.0,511642000.0,67083000.0,578725000.0,2511067000.0,112500000.0,112429000.0,113448000.0
Albemarle Corp,ALB,,915913,2016.0,Q2,2016-04-01,2016-06-30,2017-08-07 18:29:33+00:00,-2.8,-2.8,0.305,-2.78,23656000.0,-302754000.0,95586000.0,-398340000.0,-314821000.0,12067000.0,421223000.0,669327000.0,13846000.0,-1323000.0,,20500000.0,19030000.0,86055000.0,421223000.0,248104000.0,15800000.0,125585000.0,122519000.0,-17123000.0,105396000.0,669327000.0,112400000.0,112339000.0,113175000.0
Albemarle Corp,ALB,,915913,2016.0,Q2YTD,2016-01-01,2016-06-30,,-0.77,-0.77,0.61,-0.76,49141000.0,-67206000.0,313822000.0,-381028000.0,-86635000.0,19429000.0,835900000.0,1326538000.0,29837000.0,120048000.0,,40372000.0,37588000.0,168686000.0,835900000.0,490638000.0,30914000.0,246646000.0,243992000.0,89134000.0,333126000.0,1326538000.0,112400000.0,112339000.0,113175000.0
Albemarle Corp,ALB,,915913,2016.0,Q2TTM,2015-07-01,2016-06-30,,1.38,1.38,1.19,1.38,31284000.0,186369000.0,545043000.0,-358674000.0,153009000.0,33360000.0,1669899000.0,2550273000.0,42305000.0,117088000.0,,81142000.0,80728000.0,245351000.0,1669899000.0,880374000.0,56219000.0,407221000.0,473153000.0,60869000.0,534022000.0,2550273000.0,112400000.0,112339000.0,113175000.0
Albemarle Corp,ALB,,915913,2016.0,Q1,2016-01-01,2016-03-31,2017-05-03 17:43:26+00:00,2.03,2.03,0.305,2.02,25485000.0,235548000.0,218236000.0,17312000.0,228186000.0,7362000.0,414677000.0,657211000.0,15991000.0,121371000.0,,19872000.0,18558000.0,82631000.0,414677000.0,242534000.0,15114000.0,121061000.0,121473000.0,106257000.0,227730000.0,657211000.0,112400000.0,112260000.0,112770000.0
Albemarle Corp,ALB,,915913,2016.0,Q1TTM,2015-04-01,2016-03-31,,4.64,4.64,1.17,4.62,22479000.0,548463000.0,498675000.0,49788000.0,519977000.0,28486000.0,1754935000.0,2599236000.0,33577000.0,118697000.0,,82567000.0,84530000.0,247306000.0,1754935000.0,844301000.0,61018000.0,414403000.0,429898000.0,57679000.0,487577000.0,2599236000.0,112400000.0,112260000.0,112770000.0
Albemarle Corp,ALB,,915913,2017.0,FY,2017-01-01,2017-12-31,2020-02-26 12:42:26+00:00,0.49,0.49,1.28,0.49,431817000.0,99468000.0,99468000.0,,54850000.0,44618000.0,1965700000.0,3071976000.0,84487000.0,-9512000.0,,84330000.0,,450286000.0,1965700000.0,1106276000.0,115350000.0,534616000.0,571660000.0,-124862000.0,446798000.0,3071976000.0,111900000.0,110914000.0,112380000.0
Albemarle Corp,ALB,,915913,2017.0,Q4,2017-10-01,2017-12-31,,-1.97,-1.97,0.32,-1.94,378221000.0,-207071000.0,-207071000.0,,-218366000.0,11295000.0,554086000.0,857789000.0,29224000.0,-6113000.0,,20907000.0,,118302000.0,554086000.0,303703000.0,16455000.0,139209000.0,164494000.0,-22568000.0,141926000.0,857789000.0,111900000.0,110914000.0,112380000.0
Albemarle Corp,ALB,,915913,2017.0,Q3,2017-07-01,2017-09-30,2018-11-07 17:11:19+00:00,1.07,1.07,0.32,1.06,18495000.0,130193000.0,130193000.0,,118670000.0,11523000.0,479210000.0,754866000.0,19044000.0,-1986000.0,,21763000.0,,106471000.0,479210000.0,275656000.0,15792000.0,128234000.0,147422000.0,-17778000.0,129644000.0,754866000.0,110900000.0,110476000.0,111975000.0
Albemarle Corp,ALB,,915913,2017.0,Q3YTD,2017-01-01,2017-09-30,,2.46,2.46,0.96,2.43,53596000.0,306539000.0,306539000.0,,273216000.0,33323000.0,1411614000.0,2214187000.0,55263000.0,-3399000.0,,63423000.0,,331984000.0,1411614000.0,802573000.0,98895000.0,395407000.0,407166000.0,-102294000.0,304872000.0,2214187000.0,110900000.0,110476000.0,111975000.0
Albemarle Corp,ALB,,915913,2017.0,Q3TTM,2016-10-01,2017-09-30,,7.82,7.82,1.27,7.74,88324000.0,916817000.0,356843000.0,559974000.0,875306000.0,41511000.0,1867573000.0,2910842000.0,70110000.0,-24674000.0,,82514000.0,13047000.0,430761000.0,1867573000.0,1043269000.0,117216000.0,526322000.0,516947000.0,-141890000.0,375057000.0,2910842000.0,110900000.0,110476000.0,111975000.0
Albemarle Corp,ALB,,915913,2017.0,Q2,2017-04-01,2017-06-30,2018-08-07 17:22:47+00:00,0.93,0.93,0.32,0.92,23130000.0,113689000.0,113689000.0,,103333000.0,10356000.0,465297000.0,737258000.0,15048000.0,-1678000.0,,17337000.0,,116585000.0,465297000.0,271961000.0,14590000.0,133922000.0,138039000.0,-16268000.0,121771000.0,737258000.0,111100000.0,110686000.0,112105000.0
Albemarle Corp,ALB,,915913,2017.0,Q2YTD,2017-01-01,2017-06-30,,1.39,1.39,0.64,1.37,35101000.0,176346000.0,176346000.0,,154546000.0,21800000.0,932404000.0,1459321000.0,36219000.0,-1413000.0,,41660000.0,,225513000.0,932404000.0,526917000.0,83103000.0,267173000.0,259744000.0,-84516000.0,175228000.0,1459321000.0,111100000.0,110686000.0,112105000.0
Albemarle Corp,ALB,,915913,2017.0,Q2TTM,2016-07-01,2017-06-30,,7.89,7.89,1.25,7.81,82223000.0,924321000.0,341162000.0,583159000.0,884856000.0,39465000.0,1803401000.0,2809986000.0,66019000.0,-19698000.0,,81763000.0,19796000.0,410592000.0,1803401000.0,1006585000.0,117370000.0,512151000.0,494434000.0,-137068000.0,357366000.0,2809986000.0,111100000.0,110686000.0,112105000.0
Albemarle Corp,ALB,,915913,2017.0,Q1,2017-01-01,2017-03-31,2018-05-09 17:38:37+00:00,0.46,0.46,0.32,0.45,11971000.0,62657000.0,62657000.0,,51213000.0,11444000.0,467107000.0,722063000.0,21171000.0,265000.0,,24323000.0,,108928000.0,467107000.0,254956000.0,68513000.0,133251000.0,121705000.0,-68248000.0,53457000.0,722063000.0,111300000.0,111986000.0,113289000.0
Albemarle Corp,ALB,,915913,2017.0,Q1TTM,2016-04-01,2017-03-31,,4.16,4.16,1.24,4.11,82749000.0,507878000.0,323059000.0,184819000.0,466702000.0,41176000.0,1759327000.0,2742055000.0,64817000.0,-19343000.0,,84926000.0,38826000.0,380062000.0,1759327000.0,982728000.0,118580000.0,503814000.0,478914000.0,-137923000.0,340991000.0,2742055000.0,111300000.0,111986000.0,113289000.0
Albemarle Corp,ALB,,915913,2018.0,FY,2018-01-01,2018-12-31,2020-02-26 12:42:26+00:00,6.4,6.4,1.34,6.34,144826000.0,739139000.0,739139000.0,,693562000.0,45577000.0,2157694000.0,3374950000.0,89264000.0,145994000.0,,70054000.0,,446090000.0,2157694000.0,1217256000.0,52405000.0,516144000.0,701112000.0,93589000.0,794701000.0,3374950000.0,108400000.0,108427000.0,109458000.0
Albemarle Corp,ALB,,915913,2018.0,Q4,2018-10-01,2018-12-31,,1.24,1.24,0.34,1.23,11196000.0,146049000.0,146049000.0,,129596000.0,16453000.0,601315000.0,921699000.0,27537000.0,177900000.0,218705000.0,16384000.0,,120916000.0,601315000.0,320384000.0,12571000.0,356005000.0,-35621000.0,165329000.0,129708000.0,921699000.0,108400000.0,108427000.0,109458000.0
Albemarle Corp,ALB,,915913,2018.0,Q3,2018-07-01,2018-09-30,2019-11-06 16:49:25+00:00,1.21,1.21,0.335,1.2,33167000.0,143479000.0,143479000.0,,129745000.0,13734000.0,497211000.0,777748000.0,22081000.0,3793000.0,0.0,16610000.0,,100167000.0,497211000.0,280537000.0,12988000.0,116777000.0,163760000.0,-9195000.0,154565000.0,777748000.0,107200000.0,107315000.0,108302000.0
Albemarle Corp,ALB,,915913,2018.0,Q3YTD,2018-01-01,2018-09-30,,5.16,5.16,1.01,5.11,133630000.0,593090000.0,593090000.0,,563966000.0,29124000.0,1556379000.0,2453251000.0,61727000.0,-31906000.0,-218705000.0,53670000.0,,325174000.0,1556379000.0,896872000.0,39834000.0,160139000.0,736733000.0,-71740000.0,664993000.0,2453251000.0,107200000.0,107315000.0,108302000.0
Albemarle Corp,ALB,,915913,2018.0,Q3TTM,2017-10-01,2018-09-30,,3.19,3.19,1.33,3.17,511851000.0,386019000.0,386019000.0,,345600000.0,40419000.0,2110465000.0,3311040000.0,90951000.0,-38019000.0,-218705000.0,74577000.0,,443476000.0,2110465000.0,1200575000.0,56289000.0,299348000.0,901227000.0,-94308000.0,806919000.0,3311040000.0,107200000.0,107315000.0,108302000.0
Albemarle Corp,ALB,,915913,2018.0,Q2,2018-04-01,2018-06-30,2019-08-07 16:57:18+00:00,2.76,2.76,0.335,2.73,80102000.0,310686000.0,310686000.0,,302461000.0,8225000.0,542518000.0,853874000.0,18969000.0,-5223000.0,-218705000.0,16074000.0,,123637000.0,542518000.0,311356000.0,13308000.0,-78994000.0,390350000.0,-18531000.0,371819000.0,853874000.0,109600000.0,109671000.0,110659000.0
Albemarle Corp,ALB,,915913,2018.0,Q2YTD,2018-01-01,2018-06-30,,3.95,3.95,0.67,3.91,100463000.0,449611000.0,449611000.0,,434221000.0,15390000.0,1059168000.0,1675503000.0,39646000.0,-35699000.0,-218705000.0,37060000.0,,225007000.0,1059168000.0,616335000.0,26846000.0,43362000.0,572973000.0,-62545000.0,510428000.0,1675503000.0,109600000.0,109671000.0,110659000.0
Albemarle Corp,ALB,,915913,2018.0,Q2TTM,2017-07-01,2018-06-30,,3.05,3.05,1.31,3.03,497179000.0,372733000.0,372733000.0,,334525000.0,38208000.0,2092464000.0,3288158000.0,87914000.0,-43798000.0,-218705000.0,79730000.0,,449780000.0,2092464000.0,1195694000.0,59093000.0,310805000.0,884889000.0,-102891000.0,781998000.0,3288158000.0,109600000.0,109671000.0,110659000.0
Albemarle Corp,ALB,,915913,2018.0,Q1,2018-01-01,2018-03-31,2019-05-08 17:30:23+00:00,1.19,1.19,0.335,1.18,20361000.0,138925000.0,138925000.0,,131760000.0,7165000.0,516650000.0,821629000.0,20677000.0,-30476000.0,,20986000.0,,101370000.0,516650000.0,304979000.0,13538000.0,122356000.0,182623000.0,-44014000.0,138609000.0,821629000.0,110700000.0,110681000.0,111867000.0
Albemarle Corp,ALB,,915913,2018.0,Q1TTM,2017-04-01,2018-03-31,,1.22,1.22,1.3,1.22,440207000.0,175736000.0,175736000.0,,135397000.0,40339000.0,2015243000.0,3171542000.0,83993000.0,-40253000.0,,80993000.0,,442728000.0,2015243000.0,1156299000.0,60375000.0,523721000.0,632578000.0,-100628000.0,531950000.0,3171542000.0,110700000.0,110681000.0,111867000.0
Albemarle Corp,ALB,,915913,2019.0,Q4,2019-10-01,2019-12-31,,0.85,0.85,0.37,0.85,-5105000.0,106243000.0,106243000.0,,90391000.0,15852000.0,654053000.0,992564000.0,22841000.0,-38388000.0,,14263000.0,,185163000.0,654053000.0,338511000.0,22400000.0,199426000.0,139085000.0,-60788000.0,78297000.0,992564000.0,106000000.0,105949000.0,106321000.0
Albemarle Corp,ALB,,915913,2019.0,FY,2019-01-01,2019-12-31,2020-02-26 12:42:26+00:00,5.03,5.03,1.47,5.02,88161000.0,604357000.0,604357000.0,,533228000.0,71129000.0,2331649000.0,3589427000.0,129568000.0,-45478000.0,,58287000.0,,533368000.0,2331649000.0,1257778000.0,57695000.0,591655000.0,666123000.0,-103173000.0,562950000.0,3589427000.0,106000000.0,105949000.0,106321000.0
Albemarle Corp,ALB,,915913,2019.0,Q3YTD,2019-01-01,2019-09-30,,4.18,4.18,1.1,4.17,93266000.0,498114000.0,498114000.0,,442837000.0,55277000.0,1677596000.0,2596863000.0,106727000.0,-7090000.0,,44024000.0,,348205000.0,1677596000.0,919267000.0,35295000.0,392229000.0,527038000.0,-42385000.0,484653000.0,2596863000.0,106200000.0,105999000.0,106299000.0
Albemarle Corp,ALB,,915913,2019.0,Q3TTM,2018-10-01,2019-09-30,,5.42,5.42,1.44,5.4,104462000.0,644163000.0,644163000.0,,572433000.0,71730000.0,2278911000.0,3518562000.0,134264000.0,170810000.0,218705000.0,60408000.0,,469121000.0,2278911000.0,1239651000.0,47866000.0,748234000.0,491417000.0,122944000.0,614361000.0,3518562000.0,106200000.0,105999000.0,106299000.0
Albemarle Corp,ALB,,915913,2019.0,Q3,2019-07-01,2019-09-30,2019-11-06 16:49:25+00:00,1.46,1.46,0.3675,1.46,25341000.0,171618000.0,171618000.0,,155070000.0,16548000.0,569880000.0,879747000.0,33236000.0,-11316000.0,0.0,15585000.0,,108135000.0,569880000.0,309867000.0,11108000.0,123720000.0,186147000.0,-22424000.0,163723000.0,879747000.0,106200000.0,105999000.0,106299000.0
Albemarle Corp,ALB,,915913,2019.0,Q2YTD,2019-01-01,2019-06-30,,2.72,2.72,0.74,2.71,67925000.0,326496000.0,326496000.0,,287767000.0,38729000.0,1107716000.0,1717116000.0,73491000.0,4226000.0,,28439000.0,,240070000.0,1107716000.0,609400000.0,24187000.0,268509000.0,340891000.0,-19961000.0,320930000.0,1717116000.0,105600000.0,105961000.0,106316000.0
Albemarle Corp,ALB,,915913,2019.0,Q2TTM,2018-07-01,2019-06-30,,5.17,5.17,1.41,5.14,112288000.0,616024000.0,616024000.0,,547108000.0,68916000.0,2206242000.0,3416563000.0,123109000.0,185919000.0,218705000.0,61433000.0,,461153000.0,2206242000.0,1210321000.0,49746000.0,741291000.0,469030000.0,136173000.0,605203000.0,3416563000.0,105600000.0,105961000.0,106316000.0
Albemarle Corp,ALB,,915913,2019.0,Q2,2019-04-01,2019-06-30,2019-08-07 16:57:18+00:00,1.46,1.46,0.3675,1.45,30411000.0,174970000.0,174970000.0,,154198000.0,20772000.0,559138000.0,885052000.0,38310000.0,-7065000.0,,13462000.0,,126715000.0,559138000.0,325914000.0,11601000.0,140177000.0,185737000.0,-18666000.0,167071000.0,885052000.0,105600000.0,105961000.0,106316000.0
Albemarle Corp,ALB,,915913,2019.0,Q1,2019-01-01,2019-03-31,2020-05-11 16:25:53+00:00,1.26,1.26,0.3675,1.26,37514000.0,151526000.0,151526000.0,,133569000.0,17957000.0,548578000.0,832064000.0,35181000.0,11291000.0,,14977000.0,,113355000.0,548578000.0,283486000.0,12586000.0,128332000.0,155154000.0,-1295000.0,153859000.0,832064000.0,106000000.0,105799000.0,106356000.0
Albemarle Corp,ALB,,915913,2019.0,Q1TTM,2018-04-01,2019-03-31,,6.47,6.47,1.37,6.42,161979000.0,751740000.0,751740000.0,,695371000.0,56369000.0,2189622000.0,3385385000.0,103768000.0,187761000.0,,64045000.0,,458075000.0,2189622000.0,1195763000.0,51453000.0,522120000.0,673643000.0,136308000.0,809951000.0,3385385000.0,106000000.0,105799000.0,106356000.0
Albemarle Corp,ALB,,915913,2020.0,Q1TTM,2019-04-01,2020-03-31,,4.78,4.78,1.49,4.77,69089000.0,576466000.0,576466000.0,,506863000.0,69603000.0,2279898000.0,3496208000.0,120991000.0,-48455000.0,,59407000.0,,521890000.0,2279898000.0,1216310000.0,61994000.0,581297000.0,635013000.0,-110449000.0,524564000.0,3496208000.0,106100000.0,106227000.0,106512000.0
Albemarle Corp,ALB,,915913,2020.0,Q1,2020-01-01,2020-03-31,2020-05-11 16:25:53+00:00,1.01,1.01,0.385,1.01,18442000.0,123635000.0,123635000.0,,107204000.0,16431000.0,496827000.0,738845000.0,26604000.0,8314000.0,,16097000.0,,101877000.0,496827000.0,242018000.0,16885000.0,117974000.0,124044000.0,-8571000.0,115473000.0,738845000.0,106100000.0,106227000.0,106512000.0
