company_name,company_ticker,company_lei,company_cik,year,quarter,start_date,end_date,filing_date,basicdilutedeps,basiceps,cashdividendspershare,dilutedeps,impairmentexpense,incometaxexpense,netincome,netincomecontinuing,netincomediscontinued,netincometocommon,netincometononcontrollinginterest,operatingcostofrevenue,operatingrevenue,otherincome,otheroperatingexpenses,sgaexpense,totalcostofrevenue,totalgrossprofit,totalinterestexpense,totalinterestincome,totaloperatingexpenses,totaloperatingincome,totalotherincome,totalpretaxincome,totalrevenue,weightedavebasicdilutedsharesos,weightedavebasicsharesos,weightedavedilutedsharesos
National Oilwell Varco Inc,NOV,549300EHF3IW1AR6U008,1021860,2007.0,FY,2007-01-01,2007-12-31,2010-02-26 10:34:38+00:00,3.77,3.77,,3.76,0.0,676000000.0,1353000000.0,1353000000.0,,1337000000.0,16000000.0,6959000000.0,9789000000.0,-18000000.0,,786000000.0,6959000000.0,2830000000.0,50000000.0,53000000.0,786000000.0,2044000000.0,-15000000.0,2029000000.0,9789000000.0,354600000.0,354000000.0,355000000.0
National Oilwell Varco Inc,NOV,549300EHF3IW1AR6U008,1021860,2008.0,FY,2008-01-01,2008-12-31,2011-02-23 15:06:50+00:00,4.91,4.91,,4.9,,993000000.0,1968000000.0,1968000000.0,,1952000000.0,16000000.0,9359000000.0,13431000000.0,23000000.0,,1154000000.0,9359000000.0,4072000000.0,67000000.0,87000000.0,1154000000.0,2918000000.0,43000000.0,2961000000.0,13431000000.0,397600000.0,397000000.0,399000000.0
National Oilwell Varco Inc,NOV,549300EHF3IW1AR6U008,1021860,2008.0,Q3,2008-07-01,2008-09-30,2009-11-06 11:28:40+00:00,,1.32,,1.31,0.0,264000000.0,553000000.0,553000000.0,,548000000.0,5000000.0,2511000000.0,3611000000.0,15000000.0,,310000000.0,2511000000.0,1100000000.0,19000000.0,31000000.0,310000000.0,790000000.0,27000000.0,817000000.0,3611000000.0,,416000000.0,418000000.0
National Oilwell Varco Inc,NOV,549300EHF3IW1AR6U008,1021860,2008.0,Q2,2008-04-01,2008-06-30,2009-08-07 19:49:20+00:00,,1.05,,1.04,0.0,255000000.0,425000000.0,425000000.0,,421000000.0,4000000.0,2344000000.0,3325000000.0,-14000000.0,,290000000.0,2344000000.0,981000000.0,24000000.0,27000000.0,290000000.0,691000000.0,-11000000.0,680000000.0,3325000000.0,,402000000.0,404000000.0
National Oilwell Varco Inc,NOV,549300EHF3IW1AR6U008,1021860,2009.0,Q4,2009-10-01,2009-12-31,,0.95,0.95,1.11,0.95,,184000000.0,391000000.0,391000000.0,,394000000.0,-3000000.0,2155000000.0,3134000000.0,-23000000.0,,371000000.0,2155000000.0,979000000.0,13000000.0,3000000.0,371000000.0,608000000.0,-33000000.0,575000000.0,3134000000.0,416100000.0,416000000.0,417000000.0
National Oilwell Varco Inc,NOV,549300EHF3IW1AR6U008,1021860,2009.0,FY,2009-01-01,2009-12-31,2012-02-23 13:26:07+00:00,3.53,3.53,1.1,3.52,147000000.0,735000000.0,1473000000.0,1473000000.0,,1469000000.0,4000000.0,8928000000.0,12712000000.0,-110000000.0,,1322000000.0,8928000000.0,3784000000.0,53000000.0,56000000.0,1469000000.0,2315000000.0,-107000000.0,2208000000.0,12712000000.0,416100000.0,416000000.0,417000000.0
National Oilwell Varco Inc,NOV,549300EHF3IW1AR6U008,1021860,2009.0,Q3YTD,2009-01-01,2009-09-30,,2.58,2.58,,2.58,147000000.0,551000000.0,1082000000.0,1082000000.0,,1075000000.0,7000000.0,6773000000.0,9578000000.0,-87000000.0,,951000000.0,6773000000.0,2805000000.0,40000000.0,53000000.0,1098000000.0,1707000000.0,-74000000.0,1633000000.0,9578000000.0,414000000.0,416000000.0,418000000.0
National Oilwell Varco Inc,NOV,549300EHF3IW1AR6U008,1021860,2009.0,Q3,2009-07-01,2009-09-30,2010-11-05 11:36:47+00:00,0.93,0.93,,0.92,,192000000.0,387000000.0,387000000.0,,385000000.0,2000000.0,2196000000.0,3087000000.0,-13000000.0,,290000000.0,2196000000.0,891000000.0,14000000.0,5000000.0,290000000.0,601000000.0,-22000000.0,579000000.0,3087000000.0,414000000.0,416000000.0,418000000.0
National Oilwell Varco Inc,NOV,549300EHF3IW1AR6U008,1021860,2009.0,Q2YTD,2009-01-01,2009-06-30,,1.66,1.66,,1.66,147000000.0,359000000.0,695000000.0,695000000.0,,690000000.0,5000000.0,4577000000.0,6491000000.0,-74000000.0,,661000000.0,4577000000.0,1914000000.0,26000000.0,48000000.0,808000000.0,1106000000.0,-52000000.0,1054000000.0,6491000000.0,415100000.0,416000000.0,418000000.0
National Oilwell Varco Inc,NOV,549300EHF3IW1AR6U008,1021860,2009.0,Q2,2009-04-01,2009-06-30,2010-08-06 11:47:02+00:00,0.53,0.53,,0.53,147000000.0,131000000.0,222000000.0,222000000.0,,220000000.0,2000000.0,2135000000.0,3010000000.0,-38000000.0,,342000000.0,2135000000.0,875000000.0,13000000.0,18000000.0,489000000.0,386000000.0,-33000000.0,353000000.0,3010000000.0,415100000.0,416000000.0,418000000.0
National Oilwell Varco Inc,NOV,549300EHF3IW1AR6U008,1021860,2009.0,Q1,2009-01-01,2009-03-31,2010-05-07 15:44:13+00:00,1.13,1.13,,1.13,,228000000.0,473000000.0,473000000.0,,470000000.0,3000000.0,2442000000.0,3481000000.0,-36000000.0,,319000000.0,2442000000.0,1039000000.0,13000000.0,30000000.0,319000000.0,720000000.0,-19000000.0,701000000.0,3481000000.0,415900000.0,416000000.0,418000000.0
National Oilwell Varco Inc,NOV,549300EHF3IW1AR6U008,1021860,2010.0,Q4,2010-10-01,2010-12-31,,1.05,1.05,0.11,1.05,,186000000.0,437000000.0,437000000.0,,440000000.0,-3000000.0,2175000000.0,3172000000.0,-7000000.0,,373000000.0,2175000000.0,997000000.0,12000000.0,18000000.0,373000000.0,624000000.0,-1000000.0,623000000.0,3172000000.0,417800000.0,417000000.0,419000000.0
National Oilwell Varco Inc,NOV,549300EHF3IW1AR6U008,1021860,2010.0,FY,2010-01-01,2010-12-31,2013-02-22 11:24:42+00:00,3.99,3.99,0.41,3.98,,738000000.0,1659000000.0,1659000000.0,,1667000000.0,-8000000.0,8324000000.0,12156000000.0,-49000000.0,,1385000000.0,8324000000.0,3832000000.0,50000000.0,49000000.0,1385000000.0,2447000000.0,-50000000.0,2397000000.0,12156000000.0,417800000.0,417000000.0,419000000.0
National Oilwell Varco Inc,NOV,549300EHF3IW1AR6U008,1021860,2010.0,Q3YTD,2010-01-01,2010-09-30,,2.94,2.94,0.3,2.93,,552000000.0,1222000000.0,1222000000.0,,1227000000.0,-5000000.0,6149000000.0,8984000000.0,-42000000.0,,1012000000.0,6149000000.0,2835000000.0,38000000.0,31000000.0,1012000000.0,1823000000.0,-49000000.0,1774000000.0,8984000000.0,416500000.0,417000000.0,419000000.0
National Oilwell Varco Inc,NOV,549300EHF3IW1AR6U008,1021860,2010.0,Q3TTM,2009-10-01,2010-09-30,,3.89,3.89,1.41,3.89,,736000000.0,1613000000.0,1613000000.0,,1621000000.0,-8000000.0,8304000000.0,12118000000.0,-65000000.0,,1383000000.0,8304000000.0,3814000000.0,51000000.0,34000000.0,1383000000.0,2431000000.0,-82000000.0,2349000000.0,12118000000.0,416500000.0,417000000.0,419000000.0
National Oilwell Varco Inc,NOV,549300EHF3IW1AR6U008,1021860,2010.0,Q3,2010-07-01,2010-09-30,2011-11-04 13:41:31+00:00,0.97,0.97,0.1,0.96,,169000000.0,404000000.0,404000000.0,,404000000.0,,2066000000.0,3011000000.0,-23000000.0,,349000000.0,2066000000.0,945000000.0,12000000.0,12000000.0,349000000.0,596000000.0,-23000000.0,573000000.0,3011000000.0,416500000.0,417000000.0,419000000.0
National Oilwell Varco Inc,NOV,549300EHF3IW1AR6U008,1021860,2010.0,Q2YTD,2010-01-01,2010-06-30,,1.97,1.97,0.2,1.97,,383000000.0,818000000.0,818000000.0,,823000000.0,-5000000.0,4083000000.0,5973000000.0,-19000000.0,,663000000.0,4083000000.0,1890000000.0,26000000.0,19000000.0,663000000.0,1227000000.0,-26000000.0,1201000000.0,5973000000.0,417700000.0,417000000.0,419000000.0
National Oilwell Varco Inc,NOV,549300EHF3IW1AR6U008,1021860,2010.0,Q2TTM,2009-07-01,2010-06-30,,3.84,3.84,1.3,3.84,,759000000.0,1596000000.0,1596000000.0,,1602000000.0,-6000000.0,8434000000.0,12194000000.0,-55000000.0,,1324000000.0,8434000000.0,3760000000.0,53000000.0,27000000.0,1324000000.0,2436000000.0,-81000000.0,2355000000.0,12194000000.0,417700000.0,417000000.0,419000000.0
National Oilwell Varco Inc,NOV,549300EHF3IW1AR6U008,1021860,2010.0,Q2,2010-04-01,2010-06-30,2011-08-05 15:49:14+00:00,0.96,0.96,0.1,0.96,,186000000.0,399000000.0,399000000.0,,401000000.0,-2000000.0,2013000000.0,2941000000.0,-3000000.0,,338000000.0,2013000000.0,928000000.0,13000000.0,11000000.0,338000000.0,590000000.0,-5000000.0,585000000.0,2941000000.0,417700000.0,417000000.0,419000000.0
National Oilwell Varco Inc,NOV,549300EHF3IW1AR6U008,1021860,2010.0,Q1TTM,2009-04-01,2010-03-31,,3.41,3.41,1.2,3.41,147000000.0,704000000.0,1419000000.0,1419000000.0,,1421000000.0,-2000000.0,8556000000.0,12263000000.0,-90000000.0,,1328000000.0,8556000000.0,3707000000.0,53000000.0,34000000.0,1475000000.0,2232000000.0,-109000000.0,2123000000.0,12263000000.0,417800000.0,417000000.0,419000000.0
National Oilwell Varco Inc,NOV,549300EHF3IW1AR6U008,1021860,2010.0,Q1,2010-01-01,2010-03-31,2011-05-06 11:31:58+00:00,1.01,1.01,0.1,1.01,,197000000.0,419000000.0,419000000.0,,422000000.0,-3000000.0,2070000000.0,3032000000.0,-16000000.0,,325000000.0,2070000000.0,962000000.0,13000000.0,8000000.0,325000000.0,637000000.0,-21000000.0,616000000.0,3032000000.0,417800000.0,417000000.0,419000000.0
National Oilwell Varco Inc,NOV,549300EHF3IW1AR6U008,1021860,2011.0,Q4,2011-10-01,2011-12-31,,1.36,1.36,0.12,1.36,,270000000.0,573000000.0,573000000.0,,574000000.0,-1000000.0,2984000000.0,4259000000.0,-13000000.0,,427000000.0,2984000000.0,1275000000.0,9000000.0,17000000.0,427000000.0,848000000.0,-5000000.0,843000000.0,4259000000.0,421600000.0,422000000.0,424000000.0
National Oilwell Varco Inc,NOV,549300EHF3IW1AR6U008,1021860,2011.0,FY,2011-01-01,2011-12-31,2014-02-14 10:24:13+00:00,4.73,4.73,0.45,4.7,,937000000.0,1985000000.0,1985000000.0,,1994000000.0,-9000000.0,10161000000.0,14658000000.0,-39000000.0,,1560000000.0,10161000000.0,4497000000.0,40000000.0,64000000.0,1560000000.0,2937000000.0,-15000000.0,2922000000.0,14658000000.0,421600000.0,422000000.0,424000000.0
National Oilwell Varco Inc,NOV,549300EHF3IW1AR6U008,1021860,2011.0,Q3YTD,2011-01-01,2011-09-30,,3.37,3.37,0.33,3.34,,667000000.0,1412000000.0,1412000000.0,,1420000000.0,-8000000.0,7177000000.0,10399000000.0,-26000000.0,,1133000000.0,7177000000.0,3222000000.0,31000000.0,47000000.0,1133000000.0,2089000000.0,-10000000.0,2079000000.0,10399000000.0,422200000.0,422000000.0,425000000.0
National Oilwell Varco Inc,NOV,549300EHF3IW1AR6U008,1021860,2011.0,Q3TTM,2010-10-01,2011-09-30,,4.42,4.42,0.44,4.39,,853000000.0,1849000000.0,1849000000.0,,1860000000.0,-11000000.0,9352000000.0,13571000000.0,-33000000.0,,1506000000.0,9352000000.0,4219000000.0,43000000.0,65000000.0,1506000000.0,2713000000.0,-11000000.0,2702000000.0,13571000000.0,422200000.0,422000000.0,425000000.0
National Oilwell Varco Inc,NOV,549300EHF3IW1AR6U008,1021860,2011.0,Q3,2011-07-01,2011-09-30,2012-11-02 15:40:57+00:00,1.26,1.26,0.11,1.25,,252000000.0,528000000.0,528000000.0,,532000000.0,-4000000.0,2576000000.0,3740000000.0,,,392000000.0,2576000000.0,1164000000.0,8000000.0,16000000.0,392000000.0,772000000.0,8000000.0,780000000.0,3740000000.0,422200000.0,422000000.0,425000000.0
National Oilwell Varco Inc,NOV,549300EHF3IW1AR6U008,1021860,2011.0,Q2YTD,2011-01-01,2011-06-30,,2.11,2.11,0.22,2.09,,415000000.0,884000000.0,884000000.0,,888000000.0,-4000000.0,4601000000.0,6659000000.0,-26000000.0,,741000000.0,4601000000.0,2058000000.0,23000000.0,31000000.0,741000000.0,1317000000.0,-18000000.0,1299000000.0,6659000000.0,421900000.0,422000000.0,425000000.0
National Oilwell Varco Inc,NOV,549300EHF3IW1AR6U008,1021860,2011.0,Q2TTM,2010-07-01,2011-06-30,,4.13,4.13,0.43,4.1,,770000000.0,1725000000.0,1725000000.0,,1732000000.0,-7000000.0,8842000000.0,12842000000.0,-56000000.0,,1463000000.0,8842000000.0,4000000000.0,47000000.0,61000000.0,1463000000.0,2537000000.0,-42000000.0,2495000000.0,12842000000.0,421900000.0,422000000.0,425000000.0
National Oilwell Varco Inc,NOV,549300EHF3IW1AR6U008,1021860,2011.0,Q2,2011-04-01,2011-06-30,2012-08-06 15:35:05+00:00,1.14,1.14,0.11,1.13,,226000000.0,480000000.0,480000000.0,,481000000.0,-1000000.0,2430000000.0,3513000000.0,-7000000.0,,375000000.0,2430000000.0,1083000000.0,9000000.0,14000000.0,375000000.0,708000000.0,-2000000.0,706000000.0,3513000000.0,421900000.0,422000000.0,425000000.0
National Oilwell Varco Inc,NOV,549300EHF3IW1AR6U008,1021860,2011.0,Q1TTM,2010-04-01,2011-03-31,,3.95,3.95,0.42,3.93,,730000000.0,1644000000.0,1644000000.0,,1652000000.0,-8000000.0,8425000000.0,12270000000.0,-52000000.0,,1426000000.0,8425000000.0,3845000000.0,51000000.0,58000000.0,1426000000.0,2419000000.0,-45000000.0,2374000000.0,12270000000.0,419600000.0,420000000.0,423000000.0
National Oilwell Varco Inc,NOV,549300EHF3IW1AR6U008,1021860,2011.0,Q1,2011-01-01,2011-03-31,2012-05-08 14:58:15+00:00,0.97,0.97,0.11,0.96,,189000000.0,404000000.0,404000000.0,,407000000.0,-3000000.0,2171000000.0,3146000000.0,-19000000.0,,366000000.0,2171000000.0,975000000.0,14000000.0,17000000.0,366000000.0,609000000.0,-16000000.0,593000000.0,3146000000.0,419600000.0,420000000.0,423000000.0
National Oilwell Varco Inc,NOV,549300EHF3IW1AR6U008,1021860,2012.0,FY,2012-01-01,2012-12-31,2015-02-17 17:18:30+00:00,5.86,5.86,0.49,5.83,,965000000.0,2483000000.0,2375000000.0,108000000.0,2491000000.0,-8000000.0,12151000000.0,17194000000.0,-68000000.0,,1654000000.0,12151000000.0,5043000000.0,49000000.0,68000000.0,1654000000.0,3389000000.0,-49000000.0,3340000000.0,17194000000.0,425100000.0,425000000.0,427000000.0
National Oilwell Varco Inc,NOV,549300EHF3IW1AR6U008,1021860,2012.0,Q4,2012-10-01,2012-12-31,,1.57,1.57,0.13,1.56,,146000000.0,668000000.0,560000000.0,108000000.0,668000000.0,,1739000000.0,2838000000.0,-25000000.0,,364000000.0,1739000000.0,1099000000.0,21000000.0,17000000.0,364000000.0,735000000.0,-29000000.0,706000000.0,2838000000.0,425100000.0,425000000.0,427000000.0
National Oilwell Varco Inc,NOV,549300EHF3IW1AR6U008,1021860,2012.0,Q3YTD,2012-01-01,2012-09-30,,4.29,4.29,0.36,4.27,,819000000.0,1815000000.0,1815000000.0,,1823000000.0,-8000000.0,10412000000.0,14356000000.0,-43000000.0,,1290000000.0,10412000000.0,3944000000.0,28000000.0,51000000.0,1290000000.0,2654000000.0,-20000000.0,2634000000.0,14356000000.0,425000000.0,425000000.0,427000000.0
National Oilwell Varco Inc,NOV,549300EHF3IW1AR6U008,1021860,2012.0,Q3TTM,2011-10-01,2012-09-30,,5.65,5.65,0.48,5.63,,1089000000.0,2388000000.0,2388000000.0,,2397000000.0,-9000000.0,13396000000.0,18615000000.0,-56000000.0,,1717000000.0,13396000000.0,5219000000.0,37000000.0,68000000.0,1717000000.0,3502000000.0,-25000000.0,3477000000.0,18615000000.0,425000000.0,425000000.0,427000000.0
National Oilwell Varco Inc,NOV,549300EHF3IW1AR6U008,1021860,2012.0,Q3,2012-07-01,2012-09-30,2013-11-04 15:32:52+00:00,1.44,1.44,0.12,1.43,,265000000.0,609000000.0,609000000.0,,612000000.0,-3000000.0,3948000000.0,5319000000.0,-22000000.0,,473000000.0,3948000000.0,1371000000.0,11000000.0,9000000.0,473000000.0,898000000.0,-24000000.0,874000000.0,5319000000.0,425000000.0,425000000.0,427000000.0
National Oilwell Varco Inc,NOV,549300EHF3IW1AR6U008,1021860,2012.0,Q2YTD,2012-01-01,2012-06-30,,2.85,2.85,0.24,2.84,,554000000.0,1206000000.0,1206000000.0,,1211000000.0,-5000000.0,6464000000.0,9037000000.0,-21000000.0,,817000000.0,6464000000.0,2573000000.0,17000000.0,42000000.0,817000000.0,1756000000.0,4000000.0,1760000000.0,9037000000.0,426100000.0,425000000.0,427000000.0
National Oilwell Varco Inc,NOV,549300EHF3IW1AR6U008,1021860,2012.0,Q2TTM,2011-07-01,2012-06-30,,5.47,5.47,0.47,5.45,,1076000000.0,2307000000.0,2307000000.0,,2317000000.0,-10000000.0,12024000000.0,17036000000.0,-34000000.0,,1636000000.0,12024000000.0,5012000000.0,34000000.0,75000000.0,1636000000.0,3376000000.0,7000000.0,3383000000.0,17036000000.0,426100000.0,425000000.0,427000000.0
National Oilwell Varco Inc,NOV,549300EHF3IW1AR6U008,1021860,2012.0,Q2,2012-04-01,2012-06-30,2013-08-05 12:44:57+00:00,1.42,1.42,0.12,1.42,,285000000.0,602000000.0,602000000.0,,605000000.0,-3000000.0,3428000000.0,4734000000.0,-5000000.0,,427000000.0,3428000000.0,1306000000.0,9000000.0,22000000.0,427000000.0,879000000.0,8000000.0,887000000.0,4734000000.0,426100000.0,425000000.0,427000000.0
National Oilwell Varco Inc,NOV,549300EHF3IW1AR6U008,1021860,2012.0,Q1TTM,2011-04-01,2012-03-31,,5.19,5.19,0.46,5.16,,1017000000.0,2185000000.0,2185000000.0,,2193000000.0,-8000000.0,11026000000.0,15815000000.0,-36000000.0,,1584000000.0,11026000000.0,4789000000.0,34000000.0,67000000.0,1584000000.0,3205000000.0,-3000000.0,3202000000.0,15815000000.0,423800000.0,423000000.0,426000000.0
National Oilwell Varco Inc,NOV,549300EHF3IW1AR6U008,1021860,2012.0,Q1,2012-01-01,2012-03-31,2013-05-07 14:05:25+00:00,1.43,1.43,0.12,1.42,,269000000.0,604000000.0,604000000.0,,606000000.0,-2000000.0,3036000000.0,4303000000.0,-16000000.0,,390000000.0,3036000000.0,1267000000.0,8000000.0,20000000.0,390000000.0,877000000.0,-4000000.0,873000000.0,4303000000.0,423800000.0,423000000.0,426000000.0
National Oilwell Varco Inc,NOV,549300EHF3IW1AR6U008,1021860,2013.0,FY,2013-01-01,2013-12-31,2016-02-19 13:51:06+00:00,5.46,5.46,0.91,5.44,,943000000.0,2328000000.0,2181000000.0,147000000.0,2327000000.0,1000000.0,14117000000.0,19221000000.0,-39000000.0,,1905000000.0,14117000000.0,5104000000.0,111000000.0,75000000.0,1905000000.0,3199000000.0,-75000000.0,3124000000.0,19221000000.0,426200000.0,426000000.0,428000000.0
National Oilwell Varco Inc,NOV,549300EHF3IW1AR6U008,1021860,2013.0,Q4,2013-10-01,2013-12-31,,1.54,1.54,0.26,1.54,,238000000.0,661000000.0,589000000.0,72000000.0,658000000.0,3000000.0,3064000000.0,4371000000.0,-17000000.0,,456000000.0,3064000000.0,1307000000.0,27000000.0,20000000.0,456000000.0,851000000.0,-24000000.0,827000000.0,4371000000.0,426200000.0,426000000.0,428000000.0
National Oilwell Varco Inc,NOV,549300EHF3IW1AR6U008,1021860,2013.0,Q3YTD,2013-01-01,2013-09-30,,3.92,3.92,0.65,3.9,,705000000.0,1667000000.0,1592000000.0,75000000.0,1669000000.0,-2000000.0,11053000000.0,14850000000.0,-22000000.0,,1449000000.0,11053000000.0,3797000000.0,84000000.0,55000000.0,1449000000.0,2348000000.0,-51000000.0,2297000000.0,14850000000.0,426800000.0,426000000.0,428000000.0
National Oilwell Varco Inc,NOV,549300EHF3IW1AR6U008,1021860,2013.0,Q3TTM,2012-10-01,2013-09-30,,5.49,5.49,0.78,5.46,,851000000.0,2335000000.0,2152000000.0,183000000.0,2337000000.0,-2000000.0,12792000000.0,17688000000.0,-47000000.0,,1813000000.0,12792000000.0,4896000000.0,105000000.0,72000000.0,1813000000.0,3083000000.0,-80000000.0,3003000000.0,17688000000.0,426800000.0,426000000.0,428000000.0
National Oilwell Varco Inc,NOV,549300EHF3IW1AR6U008,1021860,2013.0,Q3,2013-07-01,2013-09-30,2014-11-03 14:57:25+00:00,1.49,1.49,0.26,1.49,,263000000.0,636000000.0,598000000.0,38000000.0,636000000.0,,3503000000.0,4863000000.0,-12000000.0,,476000000.0,3503000000.0,1360000000.0,26000000.0,15000000.0,476000000.0,884000000.0,-23000000.0,861000000.0,4863000000.0,426800000.0,426000000.0,428000000.0
National Oilwell Varco Inc,NOV,549300EHF3IW1AR6U008,1021860,2013.0,Q2YTD,2013-01-01,2013-06-30,,2.43,2.43,0.39,2.41,,442000000.0,1031000000.0,994000000.0,37000000.0,1033000000.0,-2000000.0,7550000000.0,9987000000.0,-10000000.0,,973000000.0,7550000000.0,2437000000.0,58000000.0,40000000.0,973000000.0,1464000000.0,-28000000.0,1436000000.0,9987000000.0,424800000.0,426000000.0,428000000.0
National Oilwell Varco Inc,NOV,549300EHF3IW1AR6U008,1021860,2013.0,Q2TTM,2012-07-01,2013-06-30,,5.44,5.44,0.64,5.4,,853000000.0,2308000000.0,2163000000.0,145000000.0,2313000000.0,-5000000.0,13237000000.0,18144000000.0,-57000000.0,,1810000000.0,13237000000.0,4907000000.0,90000000.0,66000000.0,1810000000.0,3097000000.0,-81000000.0,3016000000.0,18144000000.0,424800000.0,426000000.0,428000000.0
National Oilwell Varco Inc,NOV,549300EHF3IW1AR6U008,1021860,2013.0,Q2,2013-04-01,2013-06-30,2014-08-04 16:04:59+00:00,1.25,1.25,0.26,1.24,,218000000.0,531000000.0,494000000.0,37000000.0,531000000.0,,3507000000.0,4680000000.0,11000000.0,,460000000.0,3507000000.0,1173000000.0,30000000.0,18000000.0,460000000.0,713000000.0,-1000000.0,712000000.0,4680000000.0,424800000.0,426000000.0,428000000.0
National Oilwell Varco Inc,NOV,549300EHF3IW1AR6U008,1021860,2013.0,Q1TTM,2012-04-01,2013-03-31,,5.61,5.61,0.5,5.58,,920000000.0,2379000000.0,2271000000.0,108000000.0,2387000000.0,-8000000.0,13158000000.0,18198000000.0,-73000000.0,,1777000000.0,13158000000.0,5040000000.0,69000000.0,70000000.0,1777000000.0,3263000000.0,-72000000.0,3191000000.0,18198000000.0,425400000.0,426000000.0,428000000.0
National Oilwell Varco Inc,NOV,549300EHF3IW1AR6U008,1021860,2013.0,Q1,2013-01-01,2013-03-31,2014-05-05 15:30:20+00:00,1.18,1.18,0.13,1.17,,224000000.0,500000000.0,500000000.0,,502000000.0,-2000000.0,4043000000.0,5307000000.0,-21000000.0,,513000000.0,4043000000.0,1264000000.0,28000000.0,22000000.0,513000000.0,751000000.0,-27000000.0,724000000.0,5307000000.0,425400000.0,426000000.0,428000000.0
National Oilwell Varco Inc,NOV,549300EHF3IW1AR6U008,1021860,2014.0,FY,2014-01-01,2014-12-31,2017-02-17 16:04:21+00:00,5.85,5.85,1.64,5.82,104000000.0,1039000000.0,2507000000.0,2455000000.0,52000000.0,2502000000.0,5000000.0,15631000000.0,21440000000.0,-90000000.0,,2092000000.0,15631000000.0,5809000000.0,105000000.0,76000000.0,2196000000.0,3613000000.0,-119000000.0,3494000000.0,21440000000.0,427700000.0,428000000.0,430000000.0
National Oilwell Varco Inc,NOV,549300EHF3IW1AR6U008,1021860,2014.0,Q4,2014-10-01,2014-12-31,,1.39,1.39,0.46,1.39,104000000.0,233000000.0,597000000.0,597000000.0,,595000000.0,2000000.0,4173000000.0,5709000000.0,-78000000.0,,519000000.0,4173000000.0,1536000000.0,26000000.0,21000000.0,623000000.0,913000000.0,-83000000.0,830000000.0,5709000000.0,427700000.0,428000000.0,430000000.0
National Oilwell Varco Inc,NOV,549300EHF3IW1AR6U008,1021860,2014.0,Q3,2014-07-01,2014-09-30,2015-10-30 15:13:16+00:00,1.63,1.63,0.46,1.62,,283000000.0,701000000.0,701000000.0,,699000000.0,2000000.0,4059000000.0,5587000000.0,9000000.0,,540000000.0,4059000000.0,1528000000.0,26000000.0,13000000.0,540000000.0,988000000.0,-4000000.0,984000000.0,5587000000.0,428800000.0,429000000.0,431000000.0
National Oilwell Varco Inc,NOV,549300EHF3IW1AR6U008,1021860,2014.0,Q3YTD,2014-01-01,2014-09-30,,4.46,4.46,1.18,4.43,,806000000.0,1910000000.0,1858000000.0,52000000.0,1907000000.0,3000000.0,11458000000.0,15731000000.0,-12000000.0,,1573000000.0,11458000000.0,4273000000.0,79000000.0,55000000.0,1573000000.0,2700000000.0,-36000000.0,2664000000.0,15731000000.0,428800000.0,429000000.0,431000000.0
National Oilwell Varco Inc,NOV,549300EHF3IW1AR6U008,1021860,2014.0,Q3TTM,2013-10-01,2014-09-30,,6.0,6.0,1.44,5.97,,1044000000.0,2571000000.0,2447000000.0,124000000.0,2565000000.0,6000000.0,14522000000.0,20102000000.0,-29000000.0,,2029000000.0,14522000000.0,5580000000.0,106000000.0,75000000.0,2029000000.0,3551000000.0,-60000000.0,3491000000.0,20102000000.0,428800000.0,429000000.0,431000000.0
National Oilwell Varco Inc,NOV,549300EHF3IW1AR6U008,1021860,2014.0,Q2,2014-04-01,2014-06-30,2015-08-05 16:17:05+00:00,1.45,1.45,0.46,1.44,,284000000.0,620000000.0,609000000.0,11000000.0,619000000.0,1000000.0,3800000000.0,5255000000.0,-21000000.0,,542000000.0,3800000000.0,1455000000.0,27000000.0,28000000.0,542000000.0,913000000.0,-20000000.0,893000000.0,5255000000.0,426900000.0,428000000.0,430000000.0
National Oilwell Varco Inc,NOV,549300EHF3IW1AR6U008,1021860,2014.0,Q2YTD,2014-01-01,2014-06-30,,2.83,2.83,0.72,2.81,,523000000.0,1209000000.0,1157000000.0,52000000.0,1208000000.0,1000000.0,7399000000.0,10144000000.0,-21000000.0,,1033000000.0,7399000000.0,2745000000.0,53000000.0,42000000.0,1033000000.0,1712000000.0,-32000000.0,1680000000.0,10144000000.0,426900000.0,428000000.0,430000000.0
National Oilwell Varco Inc,NOV,549300EHF3IW1AR6U008,1021860,2014.0,Q2TTM,2013-07-01,2014-06-30,,5.86,5.86,1.24,5.84,,1024000000.0,2506000000.0,2344000000.0,162000000.0,2502000000.0,4000000.0,13966000000.0,19378000000.0,-50000000.0,,1965000000.0,13966000000.0,5412000000.0,106000000.0,77000000.0,1965000000.0,3447000000.0,-79000000.0,3368000000.0,19378000000.0,426900000.0,428000000.0,430000000.0
National Oilwell Varco Inc,NOV,549300EHF3IW1AR6U008,1021860,2014.0,Q1,2014-01-01,2014-03-31,2015-05-05 16:16:58+00:00,1.38,1.38,0.26,1.37,,239000000.0,589000000.0,548000000.0,41000000.0,589000000.0,,3599000000.0,4889000000.0,,,491000000.0,3599000000.0,1290000000.0,26000000.0,14000000.0,491000000.0,799000000.0,-12000000.0,787000000.0,4889000000.0,426800000.0,428000000.0,429000000.0
National Oilwell Varco Inc,NOV,549300EHF3IW1AR6U008,1021860,2014.0,Q1TTM,2013-04-01,2014-03-31,,5.66,5.66,1.04,5.64,,958000000.0,2417000000.0,2229000000.0,188000000.0,2414000000.0,3000000.0,13673000000.0,18803000000.0,-18000000.0,,1883000000.0,13673000000.0,5130000000.0,109000000.0,67000000.0,1883000000.0,3247000000.0,-60000000.0,3187000000.0,18803000000.0,426800000.0,428000000.0,429000000.0
National Oilwell Varco Inc,NOV,549300EHF3IW1AR6U008,1021860,2015.0,FY,2015-01-01,2015-12-31,2018-02-16 14:31:16+00:00,-1.99,-1.99,1.84,-1.99,1689000000.0,178000000.0,-767000000.0,-767000000.0,,-769000000.0,2000000.0,11694000000.0,14757000000.0,-123000000.0,,1764000000.0,11694000000.0,3063000000.0,103000000.0,27000000.0,3453000000.0,-390000000.0,-199000000.0,-589000000.0,14757000000.0,386400000.0,387000000.0,387000000.0
National Oilwell Varco Inc,NOV,549300EHF3IW1AR6U008,1021860,2015.0,Q4,2015-10-01,2015-12-31,,-3.91,-3.91,0.46,-3.9,1634000000.0,-152000000.0,-1522000000.0,-1522000000.0,,-1523000000.0,1000000.0,2363000000.0,2722000000.0,-17000000.0,,357000000.0,2363000000.0,359000000.0,27000000.0,2000000.0,1991000000.0,-1632000000.0,-42000000.0,-1674000000.0,2722000000.0,386400000.0,387000000.0,387000000.0
National Oilwell Varco Inc,NOV,549300EHF3IW1AR6U008,1021860,2015.0,Q3,2015-07-01,2015-09-30,2016-10-28 10:42:32+00:00,0.41,0.41,0.46,0.41,55000000.0,36000000.0,156000000.0,156000000.0,,155000000.0,1000000.0,2634000000.0,3306000000.0,-20000000.0,,383000000.0,2634000000.0,672000000.0,24000000.0,2000000.0,438000000.0,234000000.0,-42000000.0,192000000.0,3306000000.0,378000000.0,380000000.0,381000000.0
National Oilwell Varco Inc,NOV,549300EHF3IW1AR6U008,1021860,2015.0,Q3YTD,2015-01-01,2015-09-30,,1.92,1.92,1.38,1.91,55000000.0,330000000.0,755000000.0,755000000.0,,754000000.0,1000000.0,9331000000.0,12035000000.0,-106000000.0,,1407000000.0,9331000000.0,2704000000.0,76000000.0,25000000.0,1462000000.0,1242000000.0,-157000000.0,1085000000.0,12035000000.0,378000000.0,380000000.0,381000000.0
National Oilwell Varco Inc,NOV,549300EHF3IW1AR6U008,1021860,2015.0,Q3TTM,2014-10-01,2015-09-30,,3.31,3.31,1.84,3.3,159000000.0,563000000.0,1352000000.0,1352000000.0,,1349000000.0,3000000.0,13504000000.0,17744000000.0,-184000000.0,,1926000000.0,13504000000.0,4240000000.0,102000000.0,46000000.0,2085000000.0,2155000000.0,-240000000.0,1915000000.0,17744000000.0,378000000.0,380000000.0,381000000.0
National Oilwell Varco Inc,NOV,549300EHF3IW1AR6U008,1021860,2015.0,Q2,2015-04-01,2015-06-30,2016-08-03 16:00:32+00:00,0.75,0.75,0.46,0.74,,105000000.0,286000000.0,286000000.0,,289000000.0,-3000000.0,3054000000.0,3909000000.0,-30000000.0,,417000000.0,3054000000.0,855000000.0,26000000.0,9000000.0,417000000.0,438000000.0,-47000000.0,391000000.0,3909000000.0,385300000.0,387000000.0,388000000.0
National Oilwell Varco Inc,NOV,549300EHF3IW1AR6U008,1021860,2015.0,Q2YTD,2015-01-01,2015-06-30,,1.51,1.51,0.92,1.5,,294000000.0,599000000.0,599000000.0,,599000000.0,,6697000000.0,8729000000.0,-86000000.0,,1024000000.0,6697000000.0,2032000000.0,52000000.0,23000000.0,1024000000.0,1008000000.0,-115000000.0,893000000.0,8729000000.0,385300000.0,387000000.0,388000000.0
National Oilwell Varco Inc,NOV,549300EHF3IW1AR6U008,1021860,2015.0,Q2TTM,2014-07-01,2015-06-30,,4.53,4.53,1.84,4.51,104000000.0,810000000.0,1897000000.0,1897000000.0,,1893000000.0,4000000.0,14929000000.0,20025000000.0,-155000000.0,,2083000000.0,14929000000.0,5096000000.0,104000000.0,57000000.0,2187000000.0,2909000000.0,-202000000.0,2707000000.0,20025000000.0,385300000.0,387000000.0,388000000.0
National Oilwell Varco Inc,NOV,549300EHF3IW1AR6U008,1021860,2015.0,Q1,2015-01-01,2015-03-31,2016-05-05 15:52:09+00:00,0.76,0.76,0.46,0.76,,189000000.0,313000000.0,313000000.0,,310000000.0,3000000.0,3643000000.0,4820000000.0,-56000000.0,,607000000.0,3643000000.0,1177000000.0,26000000.0,14000000.0,607000000.0,570000000.0,-68000000.0,502000000.0,4820000000.0,407900000.0,407000000.0,409000000.0
National Oilwell Varco Inc,NOV,549300EHF3IW1AR6U008,1021860,2015.0,Q1TTM,2014-04-01,2015-03-31,,5.23,5.23,1.84,5.21,104000000.0,989000000.0,2231000000.0,2220000000.0,11000000.0,2223000000.0,8000000.0,15675000000.0,21371000000.0,-146000000.0,,2208000000.0,15675000000.0,5696000000.0,105000000.0,76000000.0,2312000000.0,3384000000.0,-175000000.0,3209000000.0,21371000000.0,407900000.0,407000000.0,409000000.0
National Oilwell Varco Inc,NOV,549300EHF3IW1AR6U008,1021860,2016.0,FY,2016-01-01,2016-12-31,2019-02-14 14:24:25+00:00,-6.41,-6.41,0.61,-6.41,972000000.0,-207000000.0,-2416000000.0,-2416000000.0,,-2412000000.0,-4000000.0,7352000000.0,7251000000.0,-101000000.0,,1338000000.0,7352000000.0,-101000000.0,105000000.0,-6000000.0,2310000000.0,-2411000000.0,-212000000.0,-2623000000.0,7251000000.0,376300000.0,376000000.0,376000000.0
National Oilwell Varco Inc,NOV,549300EHF3IW1AR6U008,1021860,2016.0,Q4,2016-10-01,2016-12-31,,-1.89,-1.89,0.05,-1.89,,-88000000.0,-717000000.0,-717000000.0,,-714000000.0,-3000000.0,2151000000.0,1692000000.0,-16000000.0,,307000000.0,2151000000.0,-459000000.0,25000000.0,2000000.0,307000000.0,-766000000.0,-39000000.0,-805000000.0,1692000000.0,376300000.0,376000000.0,376000000.0
National Oilwell Varco Inc,NOV,549300EHF3IW1AR6U008,1021860,2016.0,Q3,2016-07-01,2016-09-30,2017-10-27 15:01:51+00:00,-3.62,-3.62,0.05,-3.62,972000000.0,120000000.0,-1364000000.0,-1364000000.0,,-1362000000.0,-2000000.0,1567000000.0,1646000000.0,-30000000.0,,293000000.0,1567000000.0,79000000.0,25000000.0,-3000000.0,1265000000.0,-1186000000.0,-58000000.0,-1244000000.0,1646000000.0,376200000.0,376000000.0,376000000.0
National Oilwell Varco Inc,NOV,549300EHF3IW1AR6U008,1021860,2016.0,Q3YTD,2016-01-01,2016-09-30,,-4.52,-4.52,0.56,-4.52,972000000.0,-119000000.0,-1699000000.0,-1699000000.0,,-1698000000.0,-1000000.0,5201000000.0,5559000000.0,-85000000.0,,1031000000.0,5201000000.0,358000000.0,80000000.0,-8000000.0,2003000000.0,-1645000000.0,-173000000.0,-1818000000.0,5559000000.0,376200000.0,376000000.0,376000000.0
National Oilwell Varco Inc,NOV,549300EHF3IW1AR6U008,1021860,2016.0,Q3TTM,2015-10-01,2016-09-30,,-8.43,-8.43,1.02,-8.42,2606000000.0,-271000000.0,-3221000000.0,-3221000000.0,,-3221000000.0,,7564000000.0,8281000000.0,-102000000.0,,1388000000.0,7564000000.0,717000000.0,107000000.0,-6000000.0,3994000000.0,-3277000000.0,-215000000.0,-3492000000.0,8281000000.0,376200000.0,376000000.0,376000000.0
National Oilwell Varco Inc,NOV,549300EHF3IW1AR6U008,1021860,2016.0,Q2,2016-04-01,2016-06-30,2017-07-28 12:45:03+00:00,-0.58,-0.58,0.05,-0.58,,-121000000.0,-217000000.0,-217000000.0,,-217000000.0,,1689000000.0,1724000000.0,-34000000.0,,305000000.0,1689000000.0,35000000.0,30000000.0,-4000000.0,305000000.0,-270000000.0,-68000000.0,-338000000.0,1724000000.0,374100000.0,375000000.0,375000000.0
National Oilwell Varco Inc,NOV,549300EHF3IW1AR6U008,1021860,2016.0,Q2YTD,2016-01-01,2016-06-30,,-0.9,-0.9,0.51,-0.9,,-239000000.0,-335000000.0,-335000000.0,,-336000000.0,1000000.0,3634000000.0,3913000000.0,-55000000.0,,738000000.0,3634000000.0,279000000.0,55000000.0,-5000000.0,738000000.0,-459000000.0,-115000000.0,-574000000.0,3913000000.0,374100000.0,375000000.0,375000000.0
National Oilwell Varco Inc,NOV,549300EHF3IW1AR6U008,1021860,2016.0,Q2TTM,2015-07-01,2016-06-30,,-4.4,-4.4,1.43,-4.39,1689000000.0,-355000000.0,-1701000000.0,-1701000000.0,,-1704000000.0,3000000.0,8631000000.0,9941000000.0,-92000000.0,,1478000000.0,8631000000.0,1310000000.0,106000000.0,-1000000.0,3167000000.0,-1857000000.0,-199000000.0,-2056000000.0,9941000000.0,374100000.0,375000000.0,375000000.0
National Oilwell Varco Inc,NOV,549300EHF3IW1AR6U008,1021860,2016.0,Q1,2016-01-01,2016-03-31,2017-04-28 14:09:29+00:00,-0.32,-0.32,0.46,-0.32,,-118000000.0,-118000000.0,-118000000.0,,-119000000.0,1000000.0,1945000000.0,2189000000.0,-21000000.0,,433000000.0,1945000000.0,244000000.0,25000000.0,-1000000.0,433000000.0,-189000000.0,-47000000.0,-236000000.0,2189000000.0,371900000.0,375000000.0,375000000.0
National Oilwell Varco Inc,NOV,549300EHF3IW1AR6U008,1021860,2016.0,Q1TTM,2015-04-01,2016-03-31,,-3.07,-3.07,1.84,-3.07,1689000000.0,-129000000.0,-1198000000.0,-1198000000.0,,-1198000000.0,,9996000000.0,12126000000.0,-88000000.0,,1590000000.0,9996000000.0,2130000000.0,102000000.0,12000000.0,3279000000.0,-1149000000.0,-178000000.0,-1327000000.0,12126000000.0,371900000.0,375000000.0,375000000.0
National Oilwell Varco Inc,NOV,549300EHF3IW1AR6U008,1021860,2017.0,FY,2017-01-01,2017-12-31,2020-02-13 14:58:11+00:00,-0.63,-0.63,0.2,-0.63,,-156000000.0,-236000000.0,-236000000.0,,-237000000.0,1000000.0,12824000000.0,14608000000.0,-33000000.0,892000000.0,1169000000.0,12824000000.0,1784000000.0,102000000.0,20000000.0,2061000000.0,-277000000.0,-115000000.0,-392000000.0,14608000000.0,376200000.0,377000000.0,377000000.0
National Oilwell Varco Inc,NOV,549300EHF3IW1AR6U008,1021860,2017.0,Q4,2017-10-01,2017-12-31,,-0.04,-0.04,0.05,-0.04,,-113000000.0,-15000000.0,-15000000.0,,-14000000.0,-1000000.0,8214000000.0,9273000000.0,3000000.0,892000000.0,278000000.0,8214000000.0,1059000000.0,25000000.0,5000000.0,1170000000.0,-111000000.0,-17000000.0,-128000000.0,9273000000.0,376200000.0,377000000.0,377000000.0
National Oilwell Varco Inc,NOV,549300EHF3IW1AR6U008,1021860,2017.0,Q3,2017-07-01,2017-09-30,2018-10-26 12:24:05+00:00,-0.07,-0.07,0.05,-0.07,,-13000000.0,-27000000.0,-27000000.0,,-26000000.0,-1000000.0,1550000000.0,1835000000.0,-16000000.0,,292000000.0,1550000000.0,285000000.0,26000000.0,9000000.0,292000000.0,-7000000.0,-33000000.0,-40000000.0,1835000000.0,371400000.0,377000000.0,377000000.0
National Oilwell Varco Inc,NOV,549300EHF3IW1AR6U008,1021860,2017.0,Q3YTD,2017-01-01,2017-09-30,,-0.59,-0.59,0.15,-0.59,,-43000000.0,-221000000.0,-221000000.0,,-223000000.0,2000000.0,4610000000.0,5335000000.0,-36000000.0,,891000000.0,4610000000.0,725000000.0,77000000.0,15000000.0,891000000.0,-166000000.0,-98000000.0,-264000000.0,5335000000.0,371400000.0,377000000.0,377000000.0
National Oilwell Varco Inc,NOV,549300EHF3IW1AR6U008,1021860,2017.0,Q3TTM,2016-10-01,2017-09-30,,-2.48,-2.48,0.2,-2.48,,-131000000.0,-938000000.0,-938000000.0,,-937000000.0,-1000000.0,6761000000.0,7027000000.0,-52000000.0,,1198000000.0,6761000000.0,266000000.0,102000000.0,17000000.0,1198000000.0,-932000000.0,-137000000.0,-1069000000.0,7027000000.0,371400000.0,377000000.0,377000000.0
National Oilwell Varco Inc,NOV,549300EHF3IW1AR6U008,1021860,2017.0,Q2,2017-04-01,2017-06-30,2018-07-27 12:16:08+00:00,-0.2,-0.2,0.05,-0.2,,-17000000.0,-74000000.0,-74000000.0,,-75000000.0,1000000.0,1528000000.0,1759000000.0,-5000000.0,,293000000.0,1528000000.0,231000000.0,26000000.0,2000000.0,293000000.0,-62000000.0,-29000000.0,-91000000.0,1759000000.0,375000000.0,377000000.0,377000000.0
National Oilwell Varco Inc,NOV,549300EHF3IW1AR6U008,1021860,2017.0,Q2YTD,2017-01-01,2017-06-30,,-0.52,-0.52,0.1,-0.52,,-30000000.0,-194000000.0,-194000000.0,,-197000000.0,3000000.0,3060000000.0,3500000000.0,-20000000.0,,599000000.0,3060000000.0,440000000.0,51000000.0,6000000.0,599000000.0,-159000000.0,-65000000.0,-224000000.0,3500000000.0,375000000.0,377000000.0,377000000.0
National Oilwell Varco Inc,NOV,549300EHF3IW1AR6U008,1021860,2017.0,Q2TTM,2016-07-01,2017-06-30,,-6.03,-6.03,0.2,-6.03,972000000.0,2000000.0,-2275000000.0,-2275000000.0,,-2273000000.0,-2000000.0,6778000000.0,6838000000.0,-66000000.0,,1199000000.0,6778000000.0,60000000.0,101000000.0,5000000.0,2171000000.0,-2111000000.0,-162000000.0,-2273000000.0,6838000000.0,375000000.0,377000000.0,377000000.0
National Oilwell Varco Inc,NOV,549300EHF3IW1AR6U008,1021860,2017.0,Q1,2017-01-01,2017-03-31,2018-04-27 16:55:50+00:00,-0.32,-0.32,0.05,-0.32,,-13000000.0,-120000000.0,-120000000.0,,-122000000.0,2000000.0,1532000000.0,1741000000.0,-15000000.0,,306000000.0,1532000000.0,209000000.0,25000000.0,4000000.0,306000000.0,-97000000.0,-36000000.0,-133000000.0,1741000000.0,381300000.0,376000000.0,376000000.0
National Oilwell Varco Inc,NOV,549300EHF3IW1AR6U008,1021860,2017.0,Q1TTM,2016-04-01,2017-03-31,,-6.41,-6.41,0.2,-6.41,972000000.0,-102000000.0,-2418000000.0,-2418000000.0,,-2415000000.0,-3000000.0,6939000000.0,6803000000.0,-95000000.0,,1211000000.0,6939000000.0,-136000000.0,105000000.0,-1000000.0,2183000000.0,-2319000000.0,-201000000.0,-2520000000.0,6803000000.0,381300000.0,376000000.0,376000000.0
National Oilwell Varco Inc,NOV,549300EHF3IW1AR6U008,1021860,2018.0,FY,2018-01-01,2018-12-31,2020-02-13 14:58:11+00:00,-0.08,-0.08,0.2,-0.08,,63000000.0,-22000000.0,-22000000.0,,-31000000.0,9000000.0,14018000000.0,16906000000.0,-99000000.0,1444000000.0,1233000000.0,14018000000.0,2888000000.0,93000000.0,22000000.0,2677000000.0,211000000.0,-170000000.0,41000000.0,16906000000.0,387500000.0,378000000.0,378000000.0
National Oilwell Varco Inc,NOV,549300EHF3IW1AR6U008,1021860,2018.0,Q4,2018-10-01,2018-12-31,,0.04,0.04,0.05,0.04,,26000000.0,15000000.0,15000000.0,,12000000.0,3000000.0,8998000000.0,10851000000.0,-29000000.0,1444000000.0,322000000.0,8998000000.0,1853000000.0,22000000.0,5000000.0,1766000000.0,87000000.0,-46000000.0,41000000.0,10851000000.0,387500000.0,378000000.0,378000000.0
National Oilwell Varco Inc,NOV,549300EHF3IW1AR6U008,1021860,2018.0,Q3,2018-07-01,2018-09-30,2019-10-29 20:07:33+00:00,0.0,0.0,0.05,0.0,,29000000.0,4000000.0,4000000.0,,1000000.0,3000000.0,1761000000.0,2154000000.0,-20000000.0,,320000000.0,1761000000.0,393000000.0,24000000.0,4000000.0,320000000.0,73000000.0,-40000000.0,33000000.0,2154000000.0,,379000000.0,383000000.0
National Oilwell Varco Inc,NOV,549300EHF3IW1AR6U008,1021860,2018.0,Q3YTD,2018-01-01,2018-09-30,,-0.12,-0.12,0.15,-0.12,,37000000.0,-37000000.0,-37000000.0,,-43000000.0,6000000.0,5020000000.0,6055000000.0,-70000000.0,,911000000.0,5020000000.0,1035000000.0,71000000.0,17000000.0,911000000.0,124000000.0,-124000000.0,,6055000000.0,,379000000.0,383000000.0
National Oilwell Varco Inc,NOV,549300EHF3IW1AR6U008,1021860,2018.0,Q3TTM,2017-10-01,2018-09-30,,-0.16,-0.16,0.2,-0.16,,-76000000.0,-52000000.0,-52000000.0,,-57000000.0,5000000.0,13234000000.0,15328000000.0,-67000000.0,892000000.0,1189000000.0,13234000000.0,2094000000.0,96000000.0,22000000.0,2081000000.0,13000000.0,-141000000.0,-128000000.0,15328000000.0,,379000000.0,383000000.0
National Oilwell Varco Inc,NOV,549300EHF3IW1AR6U008,1021860,2018.0,Q2,2018-04-01,2018-06-30,2019-07-31 06:11:44+00:00,0.06,0.06,0.05,0.06,,5000000.0,25000000.0,25000000.0,,24000000.0,1000000.0,1751000000.0,2106000000.0,-3000000.0,,303000000.0,1751000000.0,355000000.0,23000000.0,4000000.0,303000000.0,52000000.0,-22000000.0,30000000.0,2106000000.0,400000000.0,378000000.0,381000000.0
National Oilwell Varco Inc,NOV,549300EHF3IW1AR6U008,1021860,2018.0,Q2YTD,2018-01-01,2018-06-30,,-0.12,-0.12,0.1,-0.12,,8000000.0,-41000000.0,-41000000.0,,-44000000.0,3000000.0,3259000000.0,3901000000.0,-50000000.0,,591000000.0,3259000000.0,642000000.0,47000000.0,13000000.0,591000000.0,51000000.0,-84000000.0,-33000000.0,3901000000.0,400000000.0,378000000.0,381000000.0
National Oilwell Varco Inc,NOV,549300EHF3IW1AR6U008,1021860,2018.0,Q2TTM,2017-07-01,2018-06-30,,-0.23,-0.23,0.2,-0.23,,-118000000.0,-83000000.0,-83000000.0,,-84000000.0,1000000.0,13023000000.0,15009000000.0,-63000000.0,892000000.0,1161000000.0,13023000000.0,1986000000.0,98000000.0,27000000.0,2053000000.0,-67000000.0,-134000000.0,-201000000.0,15009000000.0,400000000.0,378000000.0,381000000.0
National Oilwell Varco Inc,NOV,549300EHF3IW1AR6U008,1021860,2018.0,Q1,2018-01-01,2018-03-31,2019-04-26 13:27:52+00:00,-0.18,-0.18,0.05,-0.18,,3000000.0,-66000000.0,-66000000.0,,-68000000.0,2000000.0,1508000000.0,1795000000.0,-47000000.0,,288000000.0,1508000000.0,287000000.0,24000000.0,9000000.0,288000000.0,-1000000.0,-62000000.0,-63000000.0,1795000000.0,377800000.0,377000000.0,377000000.0
National Oilwell Varco Inc,NOV,549300EHF3IW1AR6U008,1021860,2018.0,Q1TTM,2017-04-01,2018-03-31,,-0.49,-0.49,0.2,-0.49,,-140000000.0,-182000000.0,-182000000.0,,-183000000.0,1000000.0,12800000000.0,14662000000.0,-65000000.0,892000000.0,1151000000.0,12800000000.0,1862000000.0,101000000.0,25000000.0,2043000000.0,-181000000.0,-141000000.0,-322000000.0,14662000000.0,377800000.0,377000000.0,377000000.0
National Oilwell Varco Inc,NOV,549300EHF3IW1AR6U008,1021860,2019.0,Q4,2019-10-01,2019-12-31,,-1.01,-1.01,0.05,-1.01,436000000.0,-46000000.0,-385000000.0,-385000000.0,,-385000000.0,,9539000000.0,10760000000.0,-54000000.0,845000000.0,289000000.0,9539000000.0,1221000000.0,25000000.0,-3000000.0,1570000000.0,-349000000.0,-82000000.0,-431000000.0,10760000000.0,381900000.0,382000000.0,382000000.0
National Oilwell Varco Inc,NOV,549300EHF3IW1AR6U008,1021860,2019.0,FY,2019-01-01,2019-12-31,2020-02-13 14:58:11+00:00,-15.96,-15.96,0.2,-15.96,5821000000.0,-369000000.0,-6093000000.0,-6093000000.0,,-6095000000.0,2000000.0,15268000000.0,16958000000.0,-90000000.0,845000000.0,1303000000.0,15268000000.0,1690000000.0,100000000.0,7000000.0,7969000000.0,-6279000000.0,-183000000.0,-6462000000.0,16958000000.0,381900000.0,382000000.0,382000000.0
National Oilwell Varco Inc,NOV,549300EHF3IW1AR6U008,1021860,2019.0,Q3YTD,2019-01-01,2019-09-30,,-14.95,-14.95,0.15,-14.95,5385000000.0,-323000000.0,-5708000000.0,-5708000000.0,,-5710000000.0,2000000.0,5729000000.0,6198000000.0,-36000000.0,,1014000000.0,5729000000.0,469000000.0,75000000.0,10000000.0,6399000000.0,-5930000000.0,-101000000.0,-6031000000.0,6198000000.0,381300000.0,382000000.0,382000000.0
National Oilwell Varco Inc,NOV,549300EHF3IW1AR6U008,1021860,2019.0,Q3TTM,2018-10-01,2019-09-30,,-14.91,-14.91,0.2,-14.91,5385000000.0,-297000000.0,-5693000000.0,-5693000000.0,,-5698000000.0,5000000.0,14727000000.0,17049000000.0,-65000000.0,1444000000.0,1336000000.0,14727000000.0,2322000000.0,97000000.0,15000000.0,8165000000.0,-5843000000.0,-147000000.0,-5990000000.0,17049000000.0,381300000.0,382000000.0,382000000.0
National Oilwell Varco Inc,NOV,549300EHF3IW1AR6U008,1021860,2019.0,Q3,2019-07-01,2019-09-30,2019-10-29 20:07:33+00:00,-0.64,-0.64,0.05,-0.64,12000000.0,60000000.0,-249000000.0,-249000000.0,,-244000000.0,-5000000.0,1975000000.0,2126000000.0,-10000000.0,,293000000.0,1975000000.0,151000000.0,25000000.0,0.0,305000000.0,-154000000.0,-35000000.0,-189000000.0,2126000000.0,381300000.0,382000000.0,382000000.0
National Oilwell Varco Inc,NOV,549300EHF3IW1AR6U008,1021860,2019.0,Q2YTD,2019-01-01,2019-06-30,,-14.31,-14.31,0.1,-14.31,5373000000.0,-383000000.0,-5459000000.0,-5459000000.0,,-5466000000.0,7000000.0,3754000000.0,4072000000.0,-26000000.0,,721000000.0,3754000000.0,318000000.0,50000000.0,10000000.0,6094000000.0,-5776000000.0,-66000000.0,-5842000000.0,4072000000.0,381900000.0,382000000.0,382000000.0
National Oilwell Varco Inc,NOV,549300EHF3IW1AR6U008,1021860,2019.0,Q2TTM,2018-07-01,2019-06-30,,-14.27,-14.27,0.2,-14.27,5373000000.0,-328000000.0,-5440000000.0,-5440000000.0,,-5453000000.0,13000000.0,14513000000.0,17077000000.0,-75000000.0,1444000000.0,1363000000.0,14513000000.0,2564000000.0,96000000.0,19000000.0,8180000000.0,-5616000000.0,-152000000.0,-5768000000.0,17077000000.0,381900000.0,382000000.0,382000000.0
National Oilwell Varco Inc,NOV,549300EHF3IW1AR6U008,1021860,2019.0,Q2,2019-04-01,2019-06-30,2019-07-31 06:11:44+00:00,-14.11,-14.11,0.05,-14.11,5373000000.0,-373000000.0,-5384000000.0,-5384000000.0,,-5389000000.0,5000000.0,2070000000.0,2132000000.0,-8000000.0,,417000000.0,2070000000.0,62000000.0,25000000.0,4000000.0,5790000000.0,-5728000000.0,-29000000.0,-5757000000.0,2132000000.0,381900000.0,382000000.0,382000000.0
National Oilwell Varco Inc,NOV,549300EHF3IW1AR6U008,1021860,2019.0,Q1,2019-01-01,2019-03-31,2020-04-28 16:11:54+00:00,-0.2,-0.2,0.05,-0.2,,-10000000.0,-75000000.0,-75000000.0,,-77000000.0,2000000.0,1684000000.0,1940000000.0,-18000000.0,,304000000.0,1684000000.0,256000000.0,25000000.0,6000000.0,304000000.0,-48000000.0,-37000000.0,-85000000.0,1940000000.0,385000000.0,380000000.0,380000000.0
National Oilwell Varco Inc,NOV,549300EHF3IW1AR6U008,1021860,2019.0,Q1TTM,2018-04-01,2019-03-31,,-0.1,-0.1,0.2,-0.1,,50000000.0,-31000000.0,-31000000.0,,-40000000.0,9000000.0,14194000000.0,17051000000.0,-70000000.0,1444000000.0,1249000000.0,14194000000.0,2857000000.0,94000000.0,19000000.0,2693000000.0,164000000.0,-145000000.0,19000000.0,17051000000.0,385000000.0,380000000.0,380000000.0
National Oilwell Varco Inc,NOV,549300EHF3IW1AR6U008,1021860,2020.0,Q1TTM,2019-04-01,2020-03-31,,-21.1,-21.1,0.2,-21.1,7712000000.0,-515000000.0,-8067000000.0,-8067000000.0,,-8065000000.0,-2000000.0,15243000000.0,16901000000.0,-75000000.0,845000000.0,1282000000.0,15243000000.0,1658000000.0,97000000.0,-229000000.0,9839000000.0,-8181000000.0,-401000000.0,-8582000000.0,16901000000.0,383300000.0,383000000.0,383000000.0
National Oilwell Varco Inc,NOV,549300EHF3IW1AR6U008,1021860,2020.0,Q1,2020-01-01,2020-03-31,2020-04-28 16:11:54+00:00,-5.34,-5.34,0.05,-5.34,1891000000.0,-156000000.0,-2049000000.0,-2049000000.0,,-2047000000.0,-2000000.0,1659000000.0,1883000000.0,-3000000.0,,283000000.0,1659000000.0,224000000.0,22000000.0,-230000000.0,2174000000.0,-1950000000.0,-255000000.0,-2205000000.0,1883000000.0,383300000.0,383000000.0,383000000.0
