company_name,company_ticker,company_lei,company_cik,year,quarter,start_date,end_date,filing_date,basicdilutedeps,basiceps,cashdividendspershare,dilutedeps,incometaxexpense,netincome,netincomecontinuing,netincometocommon,netincometononcontrollinginterest,operatingcostofrevenue,operatingrevenue,otherincome,sgaexpense,totalcostofrevenue,totalgrossprofit,totalinterestexpense,totalinterestincome,totaloperatingexpenses,totaloperatingincome,totalotherincome,totalpretaxincome,totalrevenue,weightedavebasicdilutedsharesos,weightedavebasicsharesos,weightedavedilutedsharesos
Flowserve Corp,FLS,6Y0GK87T6V7NJKZJVM41,30625,2007.0,FY,2007-01-01,2007-12-31,2010-02-24 16:37:13+00:00,4.48,4.48,0.6,4.44,104294000.0,257748000.0,257748000.0,255774000.0,1974000.0,2514972000.0,3762694000.0,5947000.0,854527000.0,2514972000.0,1247722000.0,60119000.0,23019000.0,854527000.0,393195000.0,-31153000.0,362042000.0,3762694000.0,57100000.0,57100000.0,57600000.0
Flowserve Corp,FLS,6Y0GK87T6V7NJKZJVM41,30625,2008.0,FY,2008-01-01,2008-12-31,2011-02-23 16:07:09+00:00,7.75,7.75,1.0,7.71,147721000.0,445219000.0,445219000.0,442413000.0,2806000.0,2893161000.0,4473473000.0,20163000.0,981597000.0,2893161000.0,1580312000.0,51293000.0,25355000.0,981597000.0,598715000.0,-5775000.0,592940000.0,4473473000.0,57100000.0,57100000.0,57400000.0
Flowserve Corp,FLS,6Y0GK87T6V7NJKZJVM41,30625,2008.0,Q3,2008-07-01,2008-09-30,2009-10-28 16:18:07+00:00,2.05,2.05,0.25,2.04,26948000.0,117923000.0,117923000.0,117049000.0,874000.0,748668000.0,1153592000.0,-8690000.0,243799000.0,748668000.0,404924000.0,13105000.0,5541000.0,243799000.0,161125000.0,-16254000.0,144871000.0,1153592000.0,57100000.0,57100000.0,57400000.0
Flowserve Corp,FLS,6Y0GK87T6V7NJKZJVM41,30625,2008.0,Q2,2008-04-01,2008-06-30,2009-07-29 16:20:40+00:00,2.14,2.14,0.25,2.12,38165000.0,123613000.0,123613000.0,122864000.0,749000.0,739635000.0,1157605000.0,575000.0,250152000.0,739635000.0,417970000.0,12732000.0,6117000.0,250152000.0,167818000.0,-6040000.0,161778000.0,1157605000.0,57400000.0,57400000.0,58000000.0
Flowserve Corp,FLS,6Y0GK87T6V7NJKZJVM41,30625,2009.0,Q4,2009-10-01,2009-12-31,,1.97,1.97,0.27,1.96,37867000.0,110263000.0,110263000.0,110420000.0,-157000.0,790240000.0,1199073000.0,-5599000.0,250530000.0,790240000.0,408833000.0,9846000.0,5272000.0,250530000.0,158303000.0,-10173000.0,148130000.0,1199073000.0,55840000.0,55840000.0,55840000.0
Flowserve Corp,FLS,6Y0GK87T6V7NJKZJVM41,30625,2009.0,FY,2009-01-01,2009-12-31,2012-02-22 16:07:42+00:00,7.66,7.66,1.08,7.59,156460000.0,428331000.0,428331000.0,427887000.0,444000.0,2817130000.0,4365262000.0,-7968000.0,934451000.0,2817130000.0,1548132000.0,40005000.0,19083000.0,934451000.0,613681000.0,-28890000.0,584791000.0,4365262000.0,55840000.0,55840000.0,55840000.0
Flowserve Corp,FLS,6Y0GK87T6V7NJKZJVM41,30625,2009.0,Q3,2009-07-01,2009-09-30,2010-10-27 16:23:20+00:00,2.1,2.1,0.27,2.07,42006000.0,116639000.0,116639000.0,116944000.0,-305000.0,665859000.0,1051064000.0,6997000.0,227265000.0,665859000.0,385205000.0,10119000.0,3827000.0,227265000.0,157940000.0,705000.0,158645000.0,1051064000.0,55700000.0,55700000.0,56500000.0
Flowserve Corp,FLS,6Y0GK87T6V7NJKZJVM41,30625,2009.0,Q3YTD,2009-01-01,2009-09-30,,5.69,5.69,0.81,5.63,118593000.0,318068000.0,318068000.0,317467000.0,601000.0,2026890000.0,3166189000.0,-2369000.0,683921000.0,2026890000.0,1139299000.0,30159000.0,13811000.0,683921000.0,455378000.0,-18717000.0,436661000.0,3166189000.0,55700000.0,55700000.0,56500000.0
Flowserve Corp,FLS,6Y0GK87T6V7NJKZJVM41,30625,2009.0,Q2,2009-04-01,2009-06-30,2009-07-29 16:20:40+00:00,1.94,1.94,0.27,1.92,40604000.0,108604000.0,108604000.0,108218000.0,386000.0,704078000.0,1090399000.0,-71000.0,231345000.0,704078000.0,386321000.0,9931000.0,4234000.0,231345000.0,154976000.0,-5768000.0,149208000.0,1090399000.0,55800000.0,55800000.0,56400000.0
Flowserve Corp,FLS,6Y0GK87T6V7NJKZJVM41,30625,2009.0,Q2YTD,2009-01-01,2009-06-30,,3.59,3.59,0.54,3.56,76587000.0,201429000.0,201429000.0,200523000.0,906000.0,1361031000.0,2115125000.0,-9366000.0,456656000.0,1361031000.0,754094000.0,20040000.0,9984000.0,456656000.0,297438000.0,-19422000.0,278016000.0,2115125000.0,55800000.0,55800000.0,56400000.0
Flowserve Corp,FLS,6Y0GK87T6V7NJKZJVM41,30625,2009.0,Q1,2009-01-01,2009-03-31,2010-05-05 16:33:27+00:00,1.65,1.65,0.27,1.64,35983000.0,92825000.0,92825000.0,92305000.0,520000.0,656953000.0,1024726000.0,-9295000.0,225311000.0,656953000.0,367773000.0,10109000.0,5750000.0,225311000.0,142462000.0,-13654000.0,128808000.0,1024726000.0,55900000.0,55900000.0,56300000.0
Flowserve Corp,FLS,6Y0GK87T6V7NJKZJVM41,30625,2010.0,Q4,2010-10-01,2010-12-31,,2.02,2.02,0.31,2.02,40463000.0,112447000.0,112447000.0,112504000.0,-57000.0,755833000.0,1140353000.0,-3090000.0,224679000.0,755833000.0,384520000.0,8358000.0,4517000.0,224679000.0,159841000.0,-6931000.0,152910000.0,1140353000.0,55764000.0,55764000.0,55764000.0
Flowserve Corp,FLS,6Y0GK87T6V7NJKZJVM41,30625,2010.0,FY,2010-01-01,2010-12-31,2013-02-21 16:04:05+00:00,6.96,6.96,1.16,6.88,141596000.0,388681000.0,388681000.0,388290000.0,391000.0,2622343000.0,4032036000.0,-18349000.0,844990000.0,2622343000.0,1409693000.0,34301000.0,18224000.0,844990000.0,564703000.0,-34426000.0,530277000.0,4032036000.0,55764000.0,55764000.0,55764000.0
Flowserve Corp,FLS,6Y0GK87T6V7NJKZJVM41,30625,2010.0,Q3,2010-07-01,2010-09-30,2010-10-27 16:23:20+00:00,1.86,1.86,0.29,1.84,35713000.0,104225000.0,104225000.0,103919000.0,306000.0,638183000.0,971681000.0,18578000.0,207741000.0,638183000.0,333498000.0,8266000.0,3869000.0,207741000.0,125757000.0,14181000.0,139938000.0,971681000.0,55900000.0,55900000.0,56500000.0
Flowserve Corp,FLS,6Y0GK87T6V7NJKZJVM41,30625,2010.0,Q3YTD,2010-01-01,2010-09-30,,4.93,4.93,0.82,4.93,101133000.0,276234000.0,276234000.0,275786000.0,448000.0,1866510000.0,2891683000.0,-15259000.0,620311000.0,1866510000.0,1025173000.0,25943000.0,13707000.0,620311000.0,404862000.0,-27495000.0,377367000.0,2891683000.0,55900000.0,55900000.0,56500000.0
Flowserve Corp,FLS,6Y0GK87T6V7NJKZJVM41,30625,2010.0,Q3TTM,2009-10-01,2010-09-30,,6.91,6.91,1.12,6.91,139000000.0,386497000.0,386497000.0,386206000.0,291000.0,2656750000.0,4090756000.0,-20858000.0,870841000.0,2656750000.0,1434006000.0,35789000.0,18979000.0,870841000.0,563165000.0,-37668000.0,525497000.0,4090756000.0,55900000.0,55900000.0,56500000.0
Flowserve Corp,FLS,6Y0GK87T6V7NJKZJVM41,30625,2010.0,Q2,2010-04-01,2010-06-30,2010-07-28 17:24:45+00:00,1.64,1.64,0.29,1.62,33645000.0,91804000.0,91804000.0,91647000.0,157000.0,617731000.0,961096000.0,-12304000.0,201330000.0,617731000.0,343365000.0,8682000.0,4400000.0,201330000.0,142035000.0,-16586000.0,125449000.0,961096000.0,55900000.0,55900000.0,56600000.0
Flowserve Corp,FLS,6Y0GK87T6V7NJKZJVM41,30625,2010.0,Q2YTD,2010-01-01,2010-06-30,,3.07,3.07,0.56,3.07,65420000.0,172009000.0,172009000.0,171867000.0,142000.0,1228327000.0,1920002000.0,-33837000.0,412570000.0,1228327000.0,691675000.0,17677000.0,9838000.0,412570000.0,279105000.0,-41676000.0,237429000.0,1920002000.0,55900000.0,55900000.0,56600000.0
Flowserve Corp,FLS,6Y0GK87T6V7NJKZJVM41,30625,2010.0,Q2TTM,2009-07-01,2010-06-30,,7.14,7.14,1.14,7.14,145293000.0,398911000.0,398911000.0,399231000.0,-320000.0,2684426000.0,4170139000.0,-32439000.0,890365000.0,2684426000.0,1485713000.0,37642000.0,18937000.0,890365000.0,595348000.0,-51144000.0,544204000.0,4170139000.0,55900000.0,55900000.0,56600000.0
Flowserve Corp,FLS,6Y0GK87T6V7NJKZJVM41,30625,2010.0,Q1,2010-01-01,2010-03-31,2010-05-05 16:33:27+00:00,1.44,1.44,0.29,1.42,31775000.0,80205000.0,80205000.0,80220000.0,-15000.0,610596000.0,958906000.0,-21533000.0,211240000.0,610596000.0,348310000.0,8995000.0,5438000.0,211240000.0,137070000.0,-25090000.0,111980000.0,958906000.0,55700000.0,55700000.0,56500000.0
Flowserve Corp,FLS,6Y0GK87T6V7NJKZJVM41,30625,2010.0,Q1TTM,2009-04-01,2010-03-31,,7.45,7.45,1.1,7.37,152252000.0,415711000.0,415711000.0,415802000.0,-91000.0,2770773000.0,4299442000.0,-20206000.0,920380000.0,2770773000.0,1528669000.0,38891000.0,18771000.0,920380000.0,608289000.0,-40326000.0,567963000.0,4299442000.0,55700000.0,55700000.0,56500000.0
Flowserve Corp,FLS,6Y0GK87T6V7NJKZJVM41,30625,2011.0,Q4,2011-10-01,2011-12-31,,0.75,0.75,0.11,0.75,54616000.0,125555000.0,125555000.0,125097000.0,458000.0,845402000.0,1265429000.0,-4174000.0,232462000.0,845402000.0,420027000.0,9498000.0,6278000.0,232462000.0,187565000.0,-7394000.0,180171000.0,1265429000.0,166628000.0,166628000.0,166628000.0
Flowserve Corp,FLS,6Y0GK87T6V7NJKZJVM41,30625,2011.0,FY,2011-01-01,2011-12-31,2014-02-18 16:02:50+00:00,2.57,2.57,0.43,2.55,158524000.0,429231000.0,429231000.0,428582000.0,649000.0,2996555000.0,4510201000.0,3678000.0,914080000.0,2996555000.0,1513646000.0,36181000.0,20692000.0,914080000.0,599566000.0,-11811000.0,587755000.0,4510201000.0,166628000.0,166628000.0,166628000.0
Flowserve Corp,FLS,6Y0GK87T6V7NJKZJVM41,30625,2011.0,Q3,2011-07-01,2011-09-30,2012-10-29 16:03:38+00:00,1.94,1.94,0.32,1.92,32052000.0,107956000.0,107956000.0,107771000.0,185000.0,745227000.0,1121813000.0,-6621000.0,225996000.0,745227000.0,376586000.0,8544000.0,4583000.0,225996000.0,150590000.0,-10582000.0,140008000.0,1121813000.0,55600000.0,55600000.0,56100000.0
Flowserve Corp,FLS,6Y0GK87T6V7NJKZJVM41,30625,2011.0,Q3YTD,2011-01-01,2011-09-30,,5.46,5.46,0.93,5.46,103908000.0,303676000.0,303676000.0,303485000.0,191000.0,2151153000.0,3244772000.0,7852000.0,681618000.0,2151153000.0,1093619000.0,26683000.0,14414000.0,681618000.0,412001000.0,-4417000.0,407584000.0,3244772000.0,55600000.0,55600000.0,56100000.0
Flowserve Corp,FLS,6Y0GK87T6V7NJKZJVM41,30625,2011.0,Q3TTM,2010-10-01,2011-09-30,,7.48,7.48,1.25,7.48,144371000.0,416123000.0,416123000.0,415989000.0,134000.0,2906986000.0,4385125000.0,4762000.0,906297000.0,2906986000.0,1478139000.0,35041000.0,18931000.0,906297000.0,571842000.0,-11348000.0,560494000.0,4385125000.0,55600000.0,55600000.0,56100000.0
Flowserve Corp,FLS,6Y0GK87T6V7NJKZJVM41,30625,2011.0,Q2,2011-04-01,2011-06-30,2012-07-30 16:10:37+00:00,1.77,1.77,0.32,1.76,38227000.0,98724000.0,98724000.0,98732000.0,-8000.0,756414000.0,1125752000.0,5985000.0,232983000.0,756414000.0,369338000.0,9534000.0,4145000.0,232983000.0,136355000.0,596000.0,136951000.0,1125752000.0,55800000.0,55800000.0,56100000.0
Flowserve Corp,FLS,6Y0GK87T6V7NJKZJVM41,30625,2011.0,Q2YTD,2011-01-01,2011-06-30,,3.51,3.51,0.61,3.51,71856000.0,195720000.0,195720000.0,195714000.0,6000.0,1405926000.0,2122959000.0,14473000.0,455622000.0,1405926000.0,717033000.0,18139000.0,9831000.0,455622000.0,261411000.0,6165000.0,267576000.0,2122959000.0,55800000.0,55800000.0,56100000.0
Flowserve Corp,FLS,6Y0GK87T6V7NJKZJVM41,30625,2011.0,Q2TTM,2010-07-01,2011-06-30,,7.39,7.39,1.19,7.39,148032000.0,412392000.0,412392000.0,412137000.0,255000.0,2799942000.0,4234993000.0,29961000.0,888042000.0,2799942000.0,1435051000.0,34763000.0,18217000.0,888042000.0,547009000.0,13415000.0,560424000.0,4234993000.0,55800000.0,55800000.0,56100000.0
Flowserve Corp,FLS,6Y0GK87T6V7NJKZJVM41,30625,2011.0,Q1,2011-01-01,2011-03-31,2012-04-30 16:05:05+00:00,1.74,1.74,0.32,1.72,33629000.0,96996000.0,96996000.0,96982000.0,14000.0,649512000.0,997207000.0,8488000.0,222639000.0,649512000.0,347695000.0,8605000.0,5686000.0,222639000.0,125056000.0,5569000.0,130625000.0,997207000.0,55700000.0,55700000.0,56400000.0
Flowserve Corp,FLS,6Y0GK87T6V7NJKZJVM41,30625,2011.0,Q1TTM,2010-04-01,2011-03-31,,7.27,7.27,1.16,7.27,143450000.0,405472000.0,405472000.0,405052000.0,420000.0,2661259000.0,4070337000.0,11672000.0,856389000.0,2661259000.0,1409078000.0,33911000.0,18472000.0,856389000.0,552689000.0,-3767000.0,548922000.0,4070337000.0,55700000.0,55700000.0,56400000.0
Flowserve Corp,FLS,6Y0GK87T6V7NJKZJVM41,30625,2012.0,FY,2012-01-01,2012-12-31,2015-02-17 16:08:50+00:00,2.86,2.86,0.48,2.84,160766000.0,450799000.0,450799000.0,448339000.0,2460000.0,3170388000.0,4751339000.0,-21647000.0,922125000.0,3170388000.0,1580951000.0,43520000.0,17906000.0,922125000.0,658826000.0,-47261000.0,611565000.0,4751339000.0,156849000.0,156849000.0,156849000.0
Flowserve Corp,FLS,6Y0GK87T6V7NJKZJVM41,30625,2012.0,Q4,2012-10-01,2012-12-31,,0.9,0.9,0.12,0.9,47902000.0,141938000.0,141938000.0,141602000.0,336000.0,880649000.0,1328211000.0,505000.0,248547000.0,880649000.0,447562000.0,13645000.0,3965000.0,248547000.0,199015000.0,-9175000.0,189840000.0,1328211000.0,156849000.0,156849000.0,156849000.0
Flowserve Corp,FLS,6Y0GK87T6V7NJKZJVM41,30625,2012.0,Q3,2012-07-01,2012-09-30,2013-10-24 16:03:53+00:00,0.7,0.7,0.12,0.69,37769000.0,106834000.0,106834000.0,106296000.0,538000.0,776319000.0,1165923000.0,-9167000.0,227797000.0,776319000.0,389604000.0,12144000.0,4107000.0,227797000.0,161807000.0,-17204000.0,144603000.0,1165923000.0,151900000.0,151900000.0,154100000.0
Flowserve Corp,FLS,6Y0GK87T6V7NJKZJVM41,30625,2012.0,Q3YTD,2012-01-01,2012-09-30,,2.02,2.02,0.37,2.02,112864000.0,308861000.0,308861000.0,306737000.0,2124000.0,2289739000.0,3423128000.0,-22152000.0,673578000.0,2289739000.0,1133389000.0,29875000.0,13941000.0,673578000.0,459811000.0,-38086000.0,421725000.0,3423128000.0,151900000.0,151900000.0,154100000.0
Flowserve Corp,FLS,6Y0GK87T6V7NJKZJVM41,30625,2012.0,Q3TTM,2011-10-01,2012-09-30,,2.84,2.84,0.48,2.84,167480000.0,434416000.0,434416000.0,431834000.0,2582000.0,3135141000.0,4688557000.0,-26326000.0,906040000.0,3135141000.0,1553416000.0,39373000.0,20219000.0,906040000.0,647376000.0,-45480000.0,601896000.0,4688557000.0,151900000.0,151900000.0,154100000.0
Flowserve Corp,FLS,6Y0GK87T6V7NJKZJVM41,30625,2012.0,Q2,2012-04-01,2012-06-30,2013-07-24 16:05:43+00:00,0.66,0.66,0.12,0.66,39580000.0,108485000.0,108485000.0,107316000.0,1169000.0,797623000.0,1182225000.0,-8046000.0,223892000.0,797623000.0,384602000.0,8922000.0,4323000.0,223892000.0,160710000.0,-12645000.0,148065000.0,1182225000.0,162600000.0,162600000.0,162600000.0
Flowserve Corp,FLS,6Y0GK87T6V7NJKZJVM41,30625,2012.0,Q2YTD,2012-01-01,2012-06-30,,1.23,1.23,0.23,1.23,75095000.0,202027000.0,202027000.0,200441000.0,1586000.0,1513420000.0,2257205000.0,-12985000.0,445781000.0,1513420000.0,743785000.0,17731000.0,9834000.0,445781000.0,298004000.0,-20882000.0,277122000.0,2257205000.0,162600000.0,162600000.0,162600000.0
Flowserve Corp,FLS,6Y0GK87T6V7NJKZJVM41,30625,2012.0,Q2TTM,2011-07-01,2012-06-30,,2.66,2.66,0.45,2.66,161763000.0,435538000.0,435538000.0,433309000.0,2229000.0,3104049000.0,4644447000.0,-23780000.0,904239000.0,3104049000.0,1540398000.0,35773000.0,20695000.0,904239000.0,636159000.0,-38858000.0,597301000.0,4644447000.0,162600000.0,162600000.0,162600000.0
Flowserve Corp,FLS,6Y0GK87T6V7NJKZJVM41,30625,2012.0,Q1,2012-01-01,2012-03-31,2013-04-24 16:04:39+00:00,1.71,1.71,0.36,1.69,35515000.0,93542000.0,93542000.0,93125000.0,417000.0,715797000.0,1074980000.0,-4939000.0,221889000.0,715797000.0,359183000.0,8809000.0,5511000.0,221889000.0,137294000.0,-8237000.0,129057000.0,1074980000.0,54500000.0,54500000.0,55100000.0
Flowserve Corp,FLS,6Y0GK87T6V7NJKZJVM41,30625,2012.0,Q1TTM,2011-04-01,2012-03-31,,7.79,7.79,1.3,7.79,160410000.0,425777000.0,425777000.0,424725000.0,1052000.0,3062840000.0,4587974000.0,-9749000.0,913330000.0,3062840000.0,1525134000.0,36385000.0,20517000.0,913330000.0,611804000.0,-25617000.0,586187000.0,4587974000.0,54500000.0,54500000.0,55100000.0
Flowserve Corp,FLS,6Y0GK87T6V7NJKZJVM41,30625,2013.0,FY,2013-01-01,2013-12-31,2015-02-17 16:08:50+00:00,3.43,3.43,0.56,3.41,204701000.0,488320000.0,488320000.0,485530000.0,2790000.0,3266524000.0,4954619000.0,-14280000.0,966829000.0,3266524000.0,1688095000.0,54413000.0,40448000.0,966829000.0,721266000.0,-28245000.0,693021000.0,4954619000.0,141599000.0,141599000.0,141599000.0
Flowserve Corp,FLS,6Y0GK87T6V7NJKZJVM41,30625,2013.0,Q4,2013-10-01,2013-12-31,,1.0,1.0,0.14,1.0,49703000.0,141996000.0,141996000.0,141084000.0,912000.0,918968000.0,1389440000.0,-5601000.0,260551000.0,918968000.0,470472000.0,16150000.0,3529000.0,260551000.0,209921000.0,-18222000.0,191699000.0,1389440000.0,141599000.0,141599000.0,141599000.0
Flowserve Corp,FLS,6Y0GK87T6V7NJKZJVM41,30625,2013.0,Q3,2013-07-01,2013-09-30,2013-10-24 16:03:53+00:00,0.9,0.9,0.14,0.9,55870000.0,126530000.0,126530000.0,126271000.0,259000.0,806318000.0,1229057000.0,1733000.0,231569000.0,806318000.0,422739000.0,13046000.0,2543000.0,231569000.0,191170000.0,-8770000.0,182400000.0,1229057000.0,140300000.0,140300000.0,140300000.0
Flowserve Corp,FLS,6Y0GK87T6V7NJKZJVM41,30625,2013.0,Q3YTD,2013-01-01,2013-09-30,,2.46,2.46,0.41,2.46,154998000.0,346324000.0,346324000.0,344446000.0,1878000.0,2347556000.0,3565179000.0,-8679000.0,706278000.0,2347556000.0,1217623000.0,38263000.0,36919000.0,706278000.0,511345000.0,-10023000.0,501322000.0,3565179000.0,140300000.0,140300000.0,140300000.0
Flowserve Corp,FLS,6Y0GK87T6V7NJKZJVM41,30625,2013.0,Q3TTM,2012-10-01,2013-09-30,,3.46,3.46,0.54,3.46,202900000.0,488262000.0,488262000.0,486048000.0,2214000.0,3228205000.0,4893390000.0,-8174000.0,954825000.0,3228205000.0,1665185000.0,51908000.0,40884000.0,954825000.0,710360000.0,-19198000.0,691162000.0,4893390000.0,140300000.0,140300000.0,140300000.0
Flowserve Corp,FLS,6Y0GK87T6V7NJKZJVM41,30625,2013.0,Q2,2013-04-01,2013-06-30,2013-07-24 16:05:43+00:00,0.85,0.85,0.14,0.84,50395000.0,120894000.0,120894000.0,120386000.0,508000.0,817950000.0,1239526000.0,616000.0,240200000.0,817950000.0,421576000.0,13125000.0,2422000.0,240200000.0,181376000.0,-10087000.0,171289000.0,1239526000.0,141600000.0,141600000.0,143300000.0
Flowserve Corp,FLS,6Y0GK87T6V7NJKZJVM41,30625,2013.0,Q2YTD,2013-01-01,2013-06-30,,1.54,1.54,0.27,1.54,99128000.0,219794000.0,219794000.0,218175000.0,1619000.0,1541238000.0,2336122000.0,-10412000.0,474709000.0,1541238000.0,794884000.0,25217000.0,34376000.0,474709000.0,320175000.0,-1253000.0,318922000.0,2336122000.0,141600000.0,141600000.0,143300000.0
Flowserve Corp,FLS,6Y0GK87T6V7NJKZJVM41,30625,2013.0,Q2TTM,2012-07-01,2013-06-30,,3.29,3.29,0.52,3.29,184799000.0,468566000.0,468566000.0,466073000.0,2493000.0,3198206000.0,4830256000.0,-19074000.0,951053000.0,3198206000.0,1632050000.0,51006000.0,42448000.0,951053000.0,680997000.0,-27632000.0,653365000.0,4830256000.0,141600000.0,141600000.0,143300000.0
Flowserve Corp,FLS,6Y0GK87T6V7NJKZJVM41,30625,2013.0,Q1,2013-01-01,2013-03-31,2013-04-24 16:04:39+00:00,2.03,2.03,0.42,2.01,48733000.0,98900000.0,98900000.0,97789000.0,1111000.0,723288000.0,1096596000.0,-11028000.0,234509000.0,723288000.0,373308000.0,12092000.0,31954000.0,234509000.0,138799000.0,8834000.0,147633000.0,1096596000.0,48200000.0,48200000.0,48700000.0
Flowserve Corp,FLS,6Y0GK87T6V7NJKZJVM41,30625,2013.0,Q1TTM,2012-04-01,2013-03-31,,9.4,9.4,1.53,9.4,173984000.0,456157000.0,456157000.0,453003000.0,3154000.0,3177879000.0,4772955000.0,-27736000.0,934745000.0,3177879000.0,1595076000.0,46803000.0,44349000.0,934745000.0,660331000.0,-30190000.0,630141000.0,4772955000.0,48200000.0,48200000.0,48700000.0
Flowserve Corp,FLS,6Y0GK87T6V7NJKZJVM41,30625,2014.0,FY,2014-01-01,2014-12-31,2017-08-11 17:27:28+00:00,3.79,3.75,0.64,3.72,209311000.0,519433000.0,519433000.0,513372000.0,6061000.0,3167714000.0,4877885000.0,2000000.0,936900000.0,3167714000.0,1710171000.0,60322000.0,13795000.0,936900000.0,773271000.0,-44527000.0,728744000.0,4877885000.0,136912000.0,136912000.0,136912000.0
Flowserve Corp,FLS,6Y0GK87T6V7NJKZJVM41,30625,2014.0,Q4,2014-10-01,2014-12-31,,1.12,1.12,0.16,1.12,67777000.0,155080000.0,155080000.0,153563000.0,1517000.0,900106000.0,1381359000.0,3129000.0,251623000.0,900106000.0,481253000.0,15016000.0,5114000.0,251623000.0,229630000.0,-6773000.0,222857000.0,1381359000.0,136912000.0,136912000.0,136912000.0
Flowserve Corp,FLS,6Y0GK87T6V7NJKZJVM41,30625,2014.0,Q3,2014-07-01,2014-09-30,2015-10-29 16:01:45+00:00,0.94,0.94,0.16,0.93,52725000.0,130600000.0,130600000.0,128562000.0,2038000.0,782522000.0,1204012000.0,5612000.0,230872000.0,782522000.0,421490000.0,15130000.0,2225000.0,230872000.0,190618000.0,-7293000.0,183325000.0,1204012000.0,136667000.0,136667000.0,136667000.0
Flowserve Corp,FLS,6Y0GK87T6V7NJKZJVM41,30625,2014.0,Q3YTD,2014-01-01,2014-09-30,,2.63,2.63,0.46,2.63,141534000.0,364353000.0,364353000.0,359809000.0,4544000.0,2267608000.0,3496526000.0,-1129000.0,685277000.0,2267608000.0,1228918000.0,45306000.0,8681000.0,685277000.0,543641000.0,-37754000.0,505887000.0,3496526000.0,136667000.0,136667000.0,136667000.0
Flowserve Corp,FLS,6Y0GK87T6V7NJKZJVM41,30625,2014.0,Q3TTM,2013-10-01,2014-09-30,,3.67,3.67,0.61,3.67,191237000.0,506349000.0,506349000.0,500893000.0,5456000.0,3186576000.0,4885966000.0,-6730000.0,945828000.0,3186576000.0,1699390000.0,61456000.0,12210000.0,945828000.0,753562000.0,-55976000.0,697586000.0,4885966000.0,136667000.0,136667000.0,136667000.0
Flowserve Corp,FLS,6Y0GK87T6V7NJKZJVM41,30625,2014.0,Q2,2014-04-01,2014-06-30,2015-07-30 16:03:54+00:00,0.9,0.9,0.16,0.9,50794000.0,125165000.0,125165000.0,123513000.0,1652000.0,794072000.0,1224378000.0,-3836000.0,238178000.0,794072000.0,430306000.0,15027000.0,2694000.0,238178000.0,192128000.0,-16169000.0,175959000.0,1224378000.0,137186000.0,137186000.0,137186000.0
Flowserve Corp,FLS,6Y0GK87T6V7NJKZJVM41,30625,2014.0,Q2YTD,2014-01-01,2014-06-30,,1.69,1.69,0.3,1.69,88809000.0,233753000.0,233753000.0,231247000.0,2506000.0,1485086000.0,2292514000.0,-6741000.0,454405000.0,1485086000.0,807428000.0,30176000.0,6456000.0,454405000.0,353023000.0,-30461000.0,322562000.0,2292514000.0,137186000.0,137186000.0,137186000.0
Flowserve Corp,FLS,6Y0GK87T6V7NJKZJVM41,30625,2014.0,Q2TTM,2013-07-01,2014-06-30,,3.63,3.63,0.59,3.63,194382000.0,502279000.0,502279000.0,498602000.0,3677000.0,3210372000.0,4911011000.0,-10609000.0,946525000.0,3210372000.0,1700639000.0,59372000.0,12528000.0,946525000.0,754114000.0,-57453000.0,696661000.0,4911011000.0,137186000.0,137186000.0,137186000.0
Flowserve Corp,FLS,6Y0GK87T6V7NJKZJVM41,30625,2014.0,Q1,2014-01-01,2014-03-31,2015-04-30 16:02:08+00:00,0.78,0.78,0.16,0.78,38015000.0,108588000.0,108588000.0,107734000.0,854000.0,691014000.0,1068136000.0,-2905000.0,216227000.0,691014000.0,377122000.0,15149000.0,3762000.0,216227000.0,160895000.0,-14292000.0,146603000.0,1068136000.0,137734000.0,137734000.0,137734000.0
Flowserve Corp,FLS,6Y0GK87T6V7NJKZJVM41,30625,2014.0,Q1TTM,2013-04-01,2014-03-31,,3.6,3.6,0.57,3.6,193983000.0,498008000.0,498008000.0,495475000.0,2533000.0,3234250000.0,4926159000.0,-6157000.0,948547000.0,3234250000.0,1691909000.0,57470000.0,12256000.0,948547000.0,743362000.0,-51371000.0,691991000.0,4926159000.0,137734000.0,137734000.0,137734000.0
Flowserve Corp,FLS,6Y0GK87T6V7NJKZJVM41,30625,2015.0,FY,2015-01-01,2015-12-31,2018-02-28 16:03:59+00:00,1.94,1.94,0.72,1.93,148351000.0,264016000.0,264016000.0,258411000.0,5605000.0,3080254000.0,4557791000.0,-39093000.0,972733000.0,3080254000.0,1477537000.0,65270000.0,11926000.0,972733000.0,504804000.0,-92437000.0,412367000.0,4557791000.0,133074000.0,133074000.0,133074000.0
Flowserve Corp,FLS,6Y0GK87T6V7NJKZJVM41,30625,2015.0,Q4,2015-10-01,2015-12-31,,0.46,0.46,0.18,0.47,36826000.0,63203000.0,63155000.0,62114000.0,1089000.0,896483000.0,1284448000.0,-8835000.0,265696000.0,896483000.0,387965000.0,17558000.0,4153000.0,265696000.0,122269000.0,-22240000.0,99981000.0,1284448000.0,133074000.0,133074000.0,133074000.0
Flowserve Corp,FLS,6Y0GK87T6V7NJKZJVM41,30625,2015.0,Q3,2015-07-01,2015-09-30,2016-10-27 16:02:16+00:00,0.71,0.71,0.18,0.7,52099000.0,94536000.0,94536000.0,93623000.0,913000.0,707726000.0,1096476000.0,-5430000.0,223516000.0,707726000.0,388750000.0,16283000.0,3114000.0,223516000.0,165234000.0,-18599000.0,146635000.0,1096476000.0,132550000.0,132550000.0,132550000.0
Flowserve Corp,FLS,6Y0GK87T6V7NJKZJVM41,30625,2015.0,Q3YTD,2015-01-01,2015-09-30,,1.48,1.48,0.53,1.48,111525000.0,200813000.0,200861000.0,196297000.0,4516000.0,2183771000.0,3273343000.0,-30258000.0,707037000.0,2183771000.0,1089572000.0,47712000.0,7773000.0,707037000.0,382535000.0,-70197000.0,312386000.0,3273343000.0,132550000.0,132550000.0,132550000.0
Flowserve Corp,FLS,6Y0GK87T6V7NJKZJVM41,30625,2015.0,Q3TTM,2014-10-01,2015-09-30,,2.64,2.64,0.69,2.64,179302000.0,355893000.0,355941000.0,349860000.0,6033000.0,3083877000.0,4654702000.0,-27129000.0,958660000.0,3083877000.0,1570825000.0,62728000.0,12887000.0,958660000.0,612165000.0,-76970000.0,535243000.0,4654702000.0,132550000.0,132550000.0,132550000.0
Flowserve Corp,FLS,6Y0GK87T6V7NJKZJVM41,30625,2015.0,Q2,2015-04-01,2015-06-30,2016-07-28 16:02:29+00:00,0.56,0.56,0.18,0.56,30920000.0,76632000.0,76680000.0,75008000.0,1624000.0,793155000.0,1162247000.0,-4882000.0,243594000.0,793155000.0,369092000.0,15392000.0,2328000.0,243594000.0,125498000.0,-17946000.0,107600000.0,1162247000.0,134237000.0,134237000.0,134237000.0
Flowserve Corp,FLS,6Y0GK87T6V7NJKZJVM41,30625,2015.0,Q2YTD,2015-01-01,2015-06-30,,0.76,0.76,0.34,0.76,59426000.0,106277000.0,106325000.0,102674000.0,3603000.0,1476045000.0,2176867000.0,-24828000.0,483521000.0,1476045000.0,700822000.0,31429000.0,4659000.0,483521000.0,217301000.0,-51598000.0,165751000.0,2176867000.0,134237000.0,134237000.0,134237000.0
Flowserve Corp,FLS,6Y0GK87T6V7NJKZJVM41,30625,2015.0,Q2TTM,2014-07-01,2015-06-30,,2.87,2.87,0.67,2.87,179928000.0,391957000.0,392005000.0,384799000.0,7158000.0,3158673000.0,4762238000.0,-16087000.0,966016000.0,3158673000.0,1603565000.0,61575000.0,11998000.0,966016000.0,637549000.0,-65664000.0,571933000.0,4762238000.0,134237000.0,134237000.0,134237000.0
Flowserve Corp,FLS,6Y0GK87T6V7NJKZJVM41,30625,2015.0,Q1,2015-01-01,2015-03-31,2016-04-28 16:02:31+00:00,0.21,0.21,0.18,0.2,28506000.0,29645000.0,29645000.0,27666000.0,1979000.0,682890000.0,1014620000.0,-19946000.0,239927000.0,682890000.0,331730000.0,16037000.0,2331000.0,239927000.0,91803000.0,-33652000.0,58151000.0,1014620000.0,134918000.0,134918000.0,134918000.0
Flowserve Corp,FLS,6Y0GK87T6V7NJKZJVM41,30625,2015.0,Q1TTM,2014-04-01,2015-03-31,,3.21,3.21,0.65,3.21,199802000.0,440490000.0,440490000.0,433304000.0,7186000.0,3159590000.0,4824369000.0,-15041000.0,960600000.0,3159590000.0,1664779000.0,61210000.0,12364000.0,960600000.0,704179000.0,-63887000.0,640292000.0,4824369000.0,134918000.0,134918000.0,134918000.0
Flowserve Corp,FLS,6Y0GK87T6V7NJKZJVM41,30625,2016.0,FY,2016-01-01,2016-12-31,2019-02-20 16:04:30+00:00,1.02,1.02,0.76,1.01,77380000.0,135532000.0,135532000.0,132455000.0,3077000.0,2753689000.0,3990487000.0,-14103000.0,965376000.0,2753689000.0,1236798000.0,60137000.0,15730000.0,965376000.0,271422000.0,-58510000.0,212912000.0,3990487000.0,129900000.0,129900000.0,131100000.0
Flowserve Corp,FLS,6Y0GK87T6V7NJKZJVM41,30625,2016.0,Q4,2016-10-01,2016-12-31,,0.7,0.46,-0.57,0.45,27864000.0,61910000.0,61854000.0,60057000.0,1853000.0,737934000.0,1070934000.0,-15173000.0,217862000.0,737934000.0,333000000.0,15154000.0,4963000.0,217862000.0,115138000.0,-25364000.0,89718000.0,1070934000.0,129900000.0,129900000.0,131100000.0
Flowserve Corp,FLS,6Y0GK87T6V7NJKZJVM41,30625,2016.0,Q3,2016-07-01,2016-09-30,2017-11-01 16:02:20+00:00,-0.16,-0.12,0.19,-0.12,2827000.0,-15033000.0,-15033000.0,-15841000.0,808000.0,667960000.0,945939000.0,1899000.0,281261000.0,667960000.0,277979000.0,15141000.0,4318000.0,281261000.0,-3282000.0,-8924000.0,-12206000.0,945939000.0,99000000.0,130299000.0,130299000.0
Flowserve Corp,FLS,6Y0GK87T6V7NJKZJVM41,30625,2016.0,Q3YTD,2016-01-01,2016-09-30,,0.32,0.56,0.57,0.56,49516000.0,73622000.0,73678000.0,72398000.0,1224000.0,2015755000.0,2919553000.0,1070000.0,747514000.0,2015755000.0,903798000.0,44983000.0,10767000.0,747514000.0,156284000.0,-33146000.0,123194000.0,2919553000.0,99000000.0,130299000.0,130299000.0
Flowserve Corp,FLS,6Y0GK87T6V7NJKZJVM41,30625,2016.0,Q3TTM,2015-10-01,2016-09-30,,0.78,1.02,0.75,1.03,86342000.0,136825000.0,136833000.0,134512000.0,2313000.0,2912238000.0,4204001000.0,-7765000.0,1013210000.0,2912238000.0,1291763000.0,62541000.0,14920000.0,1013210000.0,278553000.0,-55386000.0,223175000.0,4204001000.0,99000000.0,130299000.0,130299000.0
Flowserve Corp,FLS,6Y0GK87T6V7NJKZJVM41,30625,2016.0,Q2,2016-04-01,2016-06-30,2017-08-11 17:33:47+00:00,0.48,0.42,0.19,0.42,29512000.0,54364000.0,54388000.0,54373000.0,-9000.0,706728000.0,1027393000.0,4735000.0,228704000.0,706728000.0,320665000.0,15274000.0,2454000.0,228704000.0,91961000.0,-8085000.0,83900000.0,1027393000.0,113300000.0,130454000.0,130454000.0
Flowserve Corp,FLS,6Y0GK87T6V7NJKZJVM41,30625,2016.0,Q2YTD,2016-01-01,2016-06-30,,0.48,0.68,0.38,0.68,46689000.0,88655000.0,88711000.0,88239000.0,416000.0,1347795000.0,1973614000.0,-829000.0,466253000.0,1347795000.0,625819000.0,29842000.0,6449000.0,466253000.0,159566000.0,-24222000.0,135400000.0,1973614000.0,113300000.0,130454000.0,130454000.0
Flowserve Corp,FLS,6Y0GK87T6V7NJKZJVM41,30625,2016.0,Q2TTM,2015-07-01,2016-06-30,,1.65,1.85,0.74,1.85,135614000.0,246394000.0,246402000.0,243976000.0,2418000.0,2952004000.0,4354538000.0,-15094000.0,955465000.0,2952004000.0,1402534000.0,63683000.0,13716000.0,955465000.0,447069000.0,-65061000.0,382016000.0,4354538000.0,113300000.0,130454000.0,130454000.0
Flowserve Corp,FLS,6Y0GK87T6V7NJKZJVM41,30625,2016.0,Q1,2016-01-01,2016-03-31,2017-08-11 17:30:37+00:00,0.0,0.26,0.19,0.26,17177000.0,34291000.0,34323000.0,33866000.0,425000.0,641067000.0,946221000.0,-5564000.0,237549000.0,641067000.0,305154000.0,14568000.0,3995000.0,237549000.0,67605000.0,-16137000.0,51500000.0,946221000.0,,130142000.0,130142000.0
Flowserve Corp,FLS,6Y0GK87T6V7NJKZJVM41,30625,2016.0,Q1TTM,2015-04-01,2016-03-31,,2.03,2.03,0.73,2.03,137022000.0,268662000.0,268694000.0,264611000.0,4051000.0,3038431000.0,4489392000.0,-24711000.0,970355000.0,3038431000.0,1450961000.0,63801000.0,13590000.0,970355000.0,480606000.0,-74922000.0,405716000.0,4489392000.0,,130142000.0,130142000.0
Flowserve Corp,FLS,6Y0GK87T6V7NJKZJVM41,30625,2017.0,FY,2017-01-01,2017-12-31,2020-02-18 06:07:43+00:00,0.02,0.02,0.76,0.02,258679000.0,4328000.0,4328000.0,2652000.0,1676000.0,2571878000.0,3660831000.0,119490000.0,901727000.0,2571878000.0,1088953000.0,59730000.0,16021000.0,901727000.0,187226000.0,75781000.0,263007000.0,3660831000.0,130703000.0,130703000.0,130703000.0
Flowserve Corp,FLS,6Y0GK87T6V7NJKZJVM41,30625,2017.0,Q4,2017-10-01,2017-12-31,,-0.81,-0.81,0.19,-0.81,172844000.0,-105887000.0,-105887000.0,-105881000.0,-6000.0,727575000.0,1034070000.0,-7695000.0,221424000.0,727575000.0,306495000.0,15040000.0,4621000.0,221424000.0,85071000.0,-18114000.0,66957000.0,1034070000.0,130703000.0,130703000.0,130703000.0
Flowserve Corp,FLS,6Y0GK87T6V7NJKZJVM41,30625,2017.0,Q3,2017-07-01,2017-09-30,2018-11-07 16:03:04+00:00,0.36,0.36,0.19,0.36,19628000.0,48741000.0,48741000.0,47605000.0,1136000.0,615368000.0,883380000.0,17375000.0,206001000.0,615368000.0,268012000.0,15043000.0,4026000.0,206001000.0,62011000.0,6358000.0,68369000.0,883380000.0,130760000.0,130760000.0,130760000.0
Flowserve Corp,FLS,6Y0GK87T6V7NJKZJVM41,30625,2017.0,Q3YTD,2017-01-01,2017-09-30,,0.83,0.83,0.57,0.83,85835000.0,110215000.0,110215000.0,108533000.0,1682000.0,1844303000.0,2626761000.0,127185000.0,680303000.0,1844303000.0,782458000.0,44690000.0,11400000.0,680303000.0,102155000.0,93895000.0,196050000.0,2626761000.0,130760000.0,130760000.0,130760000.0
Flowserve Corp,FLS,6Y0GK87T6V7NJKZJVM41,30625,2017.0,Q3TTM,2016-10-01,2017-09-30,,1.53,1.29,,1.28,113699000.0,172125000.0,172069000.0,168590000.0,3535000.0,2582237000.0,3697695000.0,112012000.0,898165000.0,2582237000.0,1115458000.0,59844000.0,16363000.0,898165000.0,217293000.0,68531000.0,285768000.0,3697695000.0,130760000.0,130760000.0,130760000.0
Flowserve Corp,FLS,6Y0GK87T6V7NJKZJVM41,30625,2017.0,Q2,2017-04-01,2017-06-30,2018-08-08 16:01:44+00:00,0.32,0.32,0.19,0.32,60887000.0,42185000.0,42185000.0,41878000.0,307000.0,631603000.0,877063000.0,121798000.0,252530000.0,631603000.0,245460000.0,14951000.0,3295000.0,252530000.0,-7070000.0,110142000.0,103072000.0,877063000.0,130732000.0,130732000.0,130732000.0
Flowserve Corp,FLS,6Y0GK87T6V7NJKZJVM41,30625,2017.0,Q2YTD,2017-01-01,2017-06-30,,0.47,0.47,0.38,0.47,66207000.0,61474000.0,61474000.0,60928000.0,546000.0,1228935000.0,1743381000.0,109810000.0,474302000.0,1228935000.0,514446000.0,29647000.0,7374000.0,474302000.0,40144000.0,87537000.0,127681000.0,1743381000.0,130732000.0,130732000.0,130732000.0
Flowserve Corp,FLS,6Y0GK87T6V7NJKZJVM41,30625,2017.0,Q2TTM,2016-07-01,2017-06-30,,1.01,0.81,,0.8,96898000.0,108351000.0,108295000.0,105144000.0,3207000.0,2634829000.0,3760254000.0,96536000.0,973425000.0,2634829000.0,1125425000.0,59942000.0,16655000.0,973425000.0,152000000.0,53249000.0,205193000.0,3760254000.0,130732000.0,130732000.0,130732000.0
Flowserve Corp,FLS,6Y0GK87T6V7NJKZJVM41,30625,2017.0,Q1,2017-01-01,2017-03-31,2018-05-10 16:03:22+00:00,0.15,0.15,0.19,0.15,5320000.0,19289000.0,19289000.0,19050000.0,239000.0,597332000.0,866318000.0,-11988000.0,221772000.0,597332000.0,268986000.0,14696000.0,4079000.0,221772000.0,47214000.0,-22605000.0,24609000.0,866318000.0,130562000.0,130562000.0,130562000.0
Flowserve Corp,FLS,6Y0GK87T6V7NJKZJVM41,30625,2017.0,Q1TTM,2016-04-01,2017-03-31,,1.17,0.91,,0.9,65523000.0,120530000.0,120498000.0,117639000.0,2891000.0,2709954000.0,3910584000.0,-20527000.0,949599000.0,2709954000.0,1200630000.0,60265000.0,15814000.0,949599000.0,251031000.0,-64978000.0,186021000.0,3910584000.0,130562000.0,130562000.0,130562000.0
Flowserve Corp,FLS,6Y0GK87T6V7NJKZJVM41,30625,2018.0,FY,2018-01-01,2018-12-31,2020-02-18 06:07:43+00:00,0.91,0.91,0.76,0.91,51224000.0,125050000.0,125050000.0,119671000.0,5379000.0,2644830000.0,3832666000.0,-27296000.0,943714000.0,2644830000.0,1187836000.0,58160000.0,17608000.0,943714000.0,244122000.0,-67848000.0,176274000.0,3832666000.0,130823000.0,130823000.0,130823000.0
Flowserve Corp,FLS,6Y0GK87T6V7NJKZJVM41,30625,2018.0,Q4,2018-10-01,2018-12-31,,0.47,0.47,0.19,0.48,14253000.0,64365000.0,64291000.0,63103000.0,1262000.0,665022000.0,986867000.0,-2361000.0,231869000.0,665022000.0,321845000.0,14516000.0,5462000.0,231869000.0,89976000.0,-11415000.0,78544000.0,986867000.0,130823000.0,130823000.0,130823000.0
Flowserve Corp,FLS,6Y0GK87T6V7NJKZJVM41,30625,2018.0,Q3,2018-07-01,2018-09-30,2019-10-30 16:02:59+00:00,0.22,0.22,0.19,0.21,14900000.0,29439000.0,29500000.0,28205000.0,1234000.0,644215000.0,952716000.0,-13010000.0,241878000.0,644215000.0,308501000.0,13826000.0,4564000.0,241878000.0,66623000.0,-22272000.0,44400000.0,952716000.0,130843000.0,130843000.0,130843000.0
Flowserve Corp,FLS,6Y0GK87T6V7NJKZJVM41,30625,2018.0,Q3YTD,2018-01-01,2018-09-30,,0.44,0.44,0.57,0.43,36971000.0,60685000.0,60759000.0,56568000.0,4117000.0,1979808000.0,2845799000.0,-24935000.0,711845000.0,1979808000.0,865991000.0,43644000.0,12146000.0,711845000.0,154146000.0,-56433000.0,97730000.0,2845799000.0,130843000.0,130843000.0,130843000.0
Flowserve Corp,FLS,6Y0GK87T6V7NJKZJVM41,30625,2018.0,Q3TTM,2017-10-01,2018-09-30,,-0.37,-0.37,0.76,-0.38,209815000.0,-45202000.0,-45128000.0,-49313000.0,4111000.0,2707383000.0,3879869000.0,-32630000.0,933269000.0,2707383000.0,1172486000.0,58684000.0,16767000.0,933269000.0,239217000.0,-74547000.0,164687000.0,3879869000.0,130843000.0,130843000.0,130843000.0
Flowserve Corp,FLS,6Y0GK87T6V7NJKZJVM41,30625,2018.0,Q2,2018-04-01,2018-06-30,2019-07-31 16:03:26+00:00,0.1,0.1,0.19,0.1,13500000.0,14787000.0,14800000.0,13220000.0,1567000.0,687072000.0,973129000.0,-4770000.0,240791000.0,687072000.0,286057000.0,14939000.0,2775000.0,240791000.0,45266000.0,-16934000.0,28300000.0,973129000.0,130844000.0,130844000.0,130844000.0
Flowserve Corp,FLS,6Y0GK87T6V7NJKZJVM41,30625,2018.0,Q2YTD,2018-01-01,2018-06-30,,0.22,0.22,0.38,0.22,22071000.0,31246000.0,31259000.0,28363000.0,2883000.0,1335593000.0,1893083000.0,-11925000.0,469967000.0,1335593000.0,557490000.0,29818000.0,7582000.0,469967000.0,87523000.0,-34161000.0,53330000.0,1893083000.0,130844000.0,130844000.0,130844000.0
Flowserve Corp,FLS,6Y0GK87T6V7NJKZJVM41,30625,2018.0,Q2TTM,2017-07-01,2018-06-30,,-0.23,-0.23,0.76,-0.23,214543000.0,-25900000.0,-25887000.0,-29913000.0,4013000.0,2678536000.0,3810533000.0,-2245000.0,897392000.0,2678536000.0,1131997000.0,59901000.0,16229000.0,897392000.0,234605000.0,-45917000.0,188656000.0,3810533000.0,130844000.0,130844000.0,130844000.0
Flowserve Corp,FLS,6Y0GK87T6V7NJKZJVM41,30625,2018.0,Q1,2018-01-01,2018-03-31,2019-05-02 16:09:07+00:00,0.12,0.12,0.19,0.12,8571000.0,16459000.0,16459000.0,15143000.0,1316000.0,648521000.0,919954000.0,-7155000.0,229176000.0,648521000.0,271433000.0,14879000.0,4807000.0,229176000.0,42257000.0,-17227000.0,25030000.0,919954000.0,130761000.0,130761000.0,130761000.0
Flowserve Corp,FLS,6Y0GK87T6V7NJKZJVM41,30625,2018.0,Q1TTM,2017-04-01,2018-03-31,,-0.01,-0.01,0.76,-0.01,261930000.0,1498000.0,1498000.0,-1255000.0,2753000.0,2623067000.0,3714467000.0,124323000.0,909131000.0,2623067000.0,1091400000.0,59913000.0,16749000.0,909131000.0,182269000.0,81159000.0,263428000.0,3714467000.0,130761000.0,130761000.0,130761000.0
Flowserve Corp,FLS,6Y0GK87T6V7NJKZJVM41,30625,2019.0,Q4,2019-10-01,2019-12-31,,0.54,0.54,0.19,0.53,15483000.0,71247000.0,71184000.0,69792000.0,1455000.0,718599000.0,1068171000.0,-9521000.0,244767000.0,718599000.0,349572000.0,12955000.0,4341000.0,244767000.0,104805000.0,-18135000.0,86667000.0,1068171000.0,131034000.0,131034000.0,131034000.0
Flowserve Corp,FLS,6Y0GK87T6V7NJKZJVM41,30625,2019.0,FY,2019-01-01,2019-12-31,2020-02-18 06:07:43+00:00,1.94,1.94,0.76,1.93,80070000.0,261780000.0,261780000.0,253668000.0,8112000.0,2649480000.0,3944850000.0,-17619000.0,899813000.0,2649480000.0,1295370000.0,54980000.0,18892000.0,899813000.0,395557000.0,-53707000.0,341850000.0,3944850000.0,131034000.0,131034000.0,131034000.0
Flowserve Corp,FLS,6Y0GK87T6V7NJKZJVM41,30625,2019.0,Q3YTD,2019-01-01,2019-09-30,,1.4,1.4,0.57,1.4,64587000.0,190533000.0,190596000.0,183876000.0,6657000.0,1930881000.0,2876679000.0,-8098000.0,655046000.0,1930881000.0,945798000.0,42025000.0,14551000.0,655046000.0,290752000.0,-35572000.0,255183000.0,2876679000.0,131145000.0,131145000.0,131145000.0
Flowserve Corp,FLS,6Y0GK87T6V7NJKZJVM41,30625,2019.0,Q3TTM,2018-10-01,2019-09-30,,1.87,1.87,0.76,1.88,78840000.0,254898000.0,254887000.0,246979000.0,7919000.0,2595903000.0,3863546000.0,-10459000.0,886915000.0,2595903000.0,1267643000.0,56541000.0,20013000.0,886915000.0,380728000.0,-46987000.0,333727000.0,3863546000.0,131145000.0,131145000.0,131145000.0
Flowserve Corp,FLS,6Y0GK87T6V7NJKZJVM41,30625,2019.0,Q3,2019-07-01,2019-09-30,2019-10-30 16:02:59+00:00,0.52,0.52,0.19,0.52,25600000.0,70563000.0,70600000.0,68443000.0,2120000.0,662855000.0,996544000.0,-1622000.0,226216000.0,662855000.0,333689000.0,13981000.0,4340000.0,226216000.0,107473000.0,-11263000.0,96200000.0,996544000.0,131145000.0,131145000.0,131145000.0
Flowserve Corp,FLS,6Y0GK87T6V7NJKZJVM41,30625,2019.0,Q2YTD,2019-01-01,2019-06-30,,0.88,0.88,0.38,0.88,38987000.0,119970000.0,119996000.0,115433000.0,4537000.0,1268026000.0,1880135000.0,-6476000.0,428830000.0,1268026000.0,612109000.0,28044000.0,10211000.0,428830000.0,183279000.0,-24309000.0,158983000.0,1880135000.0,131147000.0,131147000.0,131147000.0
Flowserve Corp,FLS,6Y0GK87T6V7NJKZJVM41,30625,2019.0,Q2TTM,2018-07-01,2019-06-30,,1.57,1.57,0.76,1.57,68140000.0,213774000.0,213787000.0,206741000.0,7033000.0,2577263000.0,3819718000.0,-21847000.0,902577000.0,2577263000.0,1242455000.0,56386000.0,20237000.0,902577000.0,339878000.0,-57996000.0,281927000.0,3819718000.0,131147000.0,131147000.0,131147000.0
Flowserve Corp,FLS,6Y0GK87T6V7NJKZJVM41,30625,2019.0,Q2,2019-04-01,2019-06-30,2019-07-31 16:03:26+00:00,0.44,0.44,0.19,0.44,22400000.0,60474000.0,60500000.0,58172000.0,2302000.0,672051000.0,990084000.0,-3336000.0,223676000.0,672051000.0,318033000.0,14013000.0,5879000.0,223676000.0,94357000.0,-11470000.0,82900000.0,990084000.0,131147000.0,131147000.0,131147000.0
Flowserve Corp,FLS,6Y0GK87T6V7NJKZJVM41,30625,2019.0,Q1,2019-01-01,2019-03-31,2020-05-07 16:02:56+00:00,0.44,0.44,0.19,0.44,16587000.0,59496000.0,59496000.0,57261000.0,2235000.0,595975000.0,890051000.0,-3140000.0,205154000.0,595975000.0,294076000.0,14031000.0,4332000.0,205154000.0,88922000.0,-12839000.0,76083000.0,890051000.0,130982000.0,130982000.0,130982000.0
Flowserve Corp,FLS,6Y0GK87T6V7NJKZJVM41,30625,2019.0,Q1TTM,2018-04-01,2019-03-31,,1.23,1.23,0.76,1.23,59240000.0,168087000.0,168087000.0,161789000.0,6298000.0,2592284000.0,3802763000.0,-23281000.0,919692000.0,2592284000.0,1210479000.0,57312000.0,17133000.0,919692000.0,290787000.0,-63460000.0,227327000.0,3802763000.0,130982000.0,130982000.0,130982000.0
Flowserve Corp,FLS,6Y0GK87T6V7NJKZJVM41,30625,2020.0,Q1TTM,2019-04-01,2020-03-31,,1.5,1.5,0.77,1.49,99793000.0,203774000.0,203774000.0,195797000.0,7977000.0,2681985000.0,3949256000.0,8983000.0,938280000.0,2681985000.0,1267271000.0,53912000.0,19505000.0,938280000.0,328991000.0,-25424000.0,303567000.0,3949256000.0,,,
Flowserve Corp,FLS,6Y0GK87T6V7NJKZJVM41,30625,2020.0,Q1,2020-01-01,2020-03-31,2020-05-07 16:02:56+00:00,0.0,0.0,0.2,0.0,36310000.0,1490000.0,1490000.0,-610000.0,2100000.0,628480000.0,894457000.0,23462000.0,243621000.0,628480000.0,265977000.0,12963000.0,4945000.0,243621000.0,22356000.0,15444000.0,37800000.0,894457000.0,,,
