company_name,company_ticker,company_lei,company_cik,year,quarter,start_date,end_date,filing_date,basicdilutedeps,basiceps,cashdividendspershare,dilutedeps,impairmentexpense,incometaxexpense,netincome,netincomecontinuing,netincomediscontinued,netincometocommon,netincometononcontrollinginterest,operatingcostofrevenue,operatingrevenue,otheradjustmentstoconsolidatednetincome,otheradjustmentstonetincometocommon,othergains,otherincome,otheroperatingexpenses,otherspecialcharges,rdexpense,restructuringcharge,sgaexpense,totalcostofrevenue,totalgrossprofit,totalinterestexpense,totalinterestincome,totaloperatingexpenses,totaloperatingincome,totalotherincome,totalpretaxincome,totalrevenue,weightedavebasicdilutedsharesos,weightedavebasicsharesos,weightedavedilutedsharesos
Teleflex Inc,TFX,UUL85LWXB4NGSWWXIQ25,96943,2008.0,FY,2008-01-01,2008-12-31,2011-02-24 17:56:58+00:00,3.03,3.03,1.34,3.01,,37933000.0,154602000.0,81708000.0,72894000.0,119774000.0,34828000.0,1110560000.0,1912080000.0,,,,,,-296000.0,32598000.0,27701000.0,502559000.0,1110560000.0,801520000.0,121589000.0,2272000.0,562562000.0,238958000.0,-119317000.0,119641000.0,1912080000.0,39500000.0,39584000.0,39832000.0
Teleflex Inc,TFX,UUL85LWXB4NGSWWXIQ25,96943,2009.0,FY,2009-01-01,2009-12-31,2011-02-24 17:56:58+00:00,7.63,7.63,1.36,7.59,,35073000.0,314011000.0,134849000.0,179162000.0,302994000.0,11017000.0,994179000.0,1766329000.0,,,,,6728000.0,2597000.0,36685000.0,15057000.0,454233000.0,994179000.0,772150000.0,89463000.0,2535000.0,515300000.0,256850000.0,-86928000.0,169922000.0,1766329000.0,39700000.0,39718000.0,39936000.0
Teleflex Inc,TFX,UUL85LWXB4NGSWWXIQ25,96943,2009.0,Q3,2009-06-29,2009-09-27,2010-10-27 11:33:09+00:00,0.96,0.96,0.34,0.96,,13236000.0,38617000.0,34222000.0,4395000.0,38312000.0,305000.0,244408000.0,440741000.0,,,,,,,9618000.0,4783000.0,113633000.0,244408000.0,196333000.0,21074000.0,233000.0,128034000.0,68299000.0,-20841000.0,47458000.0,440741000.0,39900000.0,39724000.0,39932000.0
Teleflex Inc,TFX,UUL85LWXB4NGSWWXIQ25,96943,2009.0,Q2,2009-03-30,2009-06-28,2010-07-22 18:17:38+00:00,0.16,0.16,0.34,0.16,6728000.0,5448000.0,6772000.0,33136000.0,-26364000.0,6470000.0,302000.0,241185000.0,439237000.0,,,,,,,8420000.0,6166000.0,117614000.0,241185000.0,198052000.0,21999000.0,1459000.0,138928000.0,59124000.0,-20540000.0,38584000.0,439237000.0,40400000.0,39717000.0,39921000.0
Teleflex Inc,TFX,UUL85LWXB4NGSWWXIQ25,96943,2010.0,Q4,2010-09-27,2010-12-31,,2.02,2.02,0.34,2.01,,-8906000.0,81436000.0,-11669000.0,93105000.0,81078000.0,697000.0,35648000.0,125722000.0,,-339000.0,,30354000.0,183000.0,-341000.0,11189000.0,1196000.0,61120000.0,35648000.0,90074000.0,67750000.0,94000.0,73164000.0,16727000.0,-37302000.0,-20575000.0,125722000.0,39900000.0,39906000.0,40280000.0
Teleflex Inc,TFX,UUL85LWXB4NGSWWXIQ25,96943,2010.0,FY,2010-01-01,2010-12-31,2013-02-22 13:54:10+00:00,5.04,5.04,1.36,4.99,,16918000.0,202455000.0,87672000.0,114783000.0,201094000.0,1361000.0,718883000.0,1397722000.0,,,,,,-341000.0,42380000.0,2875000.0,403635000.0,718883000.0,678839000.0,126419000.0,719000.0,448549000.0,230290000.0,-125700000.0,104590000.0,1397722000.0,39900000.0,39906000.0,40280000.0
Teleflex Inc,TFX,UUL85LWXB4NGSWWXIQ25,96943,2010.0,Q3,2010-06-28,2010-09-26,2010-10-27 11:33:09+00:00,0.56,0.56,0.34,0.55,,-5986000.0,22535000.0,23440000.0,-905000.0,22196000.0,,239926000.0,442993000.0,,339000.0,,-30354000.0,,,11013000.0,1141000.0,123441000.0,239926000.0,203067000.0,20090000.0,243000.0,135595000.0,67655000.0,-50201000.0,17454000.0,442993000.0,39600000.0,39933000.0,40254000.0
Teleflex Inc,TFX,UUL85LWXB4NGSWWXIQ25,96943,2010.0,Q3YTD,2010-01-01,2010-09-26,,3.02,3.02,1.02,2.98,,25824000.0,121019000.0,99341000.0,21678000.0,120016000.0,664000.0,683235000.0,1272000000.0,,339000.0,,-30354000.0,,,31191000.0,1679000.0,342515000.0,683235000.0,588765000.0,58669000.0,625000.0,375385000.0,213563000.0,-88398000.0,125165000.0,1272000000.0,39600000.0,39933000.0,40254000.0
Teleflex Inc,TFX,UUL85LWXB4NGSWWXIQ25,96943,2010.0,Q2,2010-03-29,2010-06-27,2010-07-22 18:17:38+00:00,1.51,1.51,0.34,1.49,,17563000.0,60526000.0,42381000.0,18145000.0,60148000.0,378000.0,252874000.0,461675000.0,,,,,,,10867000.0,75000.0,118506000.0,252874000.0,208801000.0,19585000.0,176000.0,129448000.0,79353000.0,-19409000.0,59944000.0,461675000.0,39800000.0,39913000.0,40356000.0
Teleflex Inc,TFX,UUL85LWXB4NGSWWXIQ25,96943,2010.0,Q2YTD,2010-01-01,2010-06-27,,2.46,2.46,0.68,2.43,,31810000.0,98484000.0,75901000.0,22583000.0,97820000.0,664000.0,443309000.0,829007000.0,,,,,,,20178000.0,538000.0,219074000.0,443309000.0,385698000.0,38579000.0,382000.0,239790000.0,145908000.0,-38197000.0,107711000.0,829007000.0,39800000.0,39913000.0,40356000.0
Teleflex Inc,TFX,UUL85LWXB4NGSWWXIQ25,96943,2010.0,Q1,2010-01-01,2010-03-28,2011-04-26 16:35:46+00:00,0.95,0.95,0.34,0.94,,14247000.0,37958000.0,33520000.0,4438000.0,37672000.0,286000.0,190435000.0,367332000.0,,,,,,,9311000.0,463000.0,100568000.0,190435000.0,176897000.0,18994000.0,206000.0,110342000.0,66555000.0,-18788000.0,47767000.0,367332000.0,39700000.0,39791000.0,40199000.0
Teleflex Inc,TFX,UUL85LWXB4NGSWWXIQ25,96943,2011.0,Q4,2011-09-26,2011-12-31,,4.13,4.13,0.34,4.1,,38000.0,168221000.0,36483000.0,131738000.0,167796000.0,1065000.0,170259000.0,340693000.0,,-258000.0,,15413000.0,,582000.0,12893000.0,2407000.0,99416000.0,170259000.0,170434000.0,34611000.0,583000.0,115298000.0,55136000.0,-18615000.0,36521000.0,340693000.0,40500000.0,40501000.0,40801000.0
Teleflex Inc,TFX,UUL85LWXB4NGSWWXIQ25,96943,2011.0,FY,2011-01-01,2011-12-31,2014-02-24 06:18:59+00:00,7.98,7.98,1.36,7.92,,25778000.0,324967000.0,119322000.0,205645000.0,323329000.0,1638000.0,783750000.0,1492528000.0,,,,,,582000.0,48712000.0,6005000.0,423909000.0,783750000.0,708778000.0,85730000.0,1260000.0,479208000.0,229570000.0,-84470000.0,145100000.0,1492528000.0,40500000.0,40501000.0,40801000.0
Teleflex Inc,TFX,UUL85LWXB4NGSWWXIQ25,96943,2011.0,Q3,2011-06-27,2011-09-25,2011-10-25 14:57:11+00:00,1.07,1.07,0.34,1.07,,10600000.0,44065000.0,33752000.0,10313000.0,43651000.0,414000.0,193617000.0,371891000.0,,,,,,,12325000.0,-173000.0,102911000.0,193617000.0,178274000.0,19177000.0,318000.0,115063000.0,63211000.0,-18859000.0,44352000.0,371891000.0,40800000.0,40684000.0,40943000.0
Teleflex Inc,TFX,UUL85LWXB4NGSWWXIQ25,96943,2011.0,Q3YTD,2011-01-01,2011-09-25,,3.85,3.85,1.02,3.82,,25740000.0,156746000.0,82839000.0,73907000.0,155533000.0,573000.0,613491000.0,1151835000.0,,258000.0,,-15413000.0,,,35819000.0,3598000.0,324493000.0,613491000.0,538344000.0,51119000.0,677000.0,363910000.0,174434000.0,-65855000.0,108579000.0,1151835000.0,40800000.0,40684000.0,40943000.0
Teleflex Inc,TFX,UUL85LWXB4NGSWWXIQ25,96943,2011.0,Q3TTM,2010-09-27,2011-09-25,,5.87,5.87,1.36,5.83,,16834000.0,238182000.0,71170000.0,167012000.0,236611000.0,1270000.0,649139000.0,1277557000.0,,-81000.0,,14941000.0,,-341000.0,47008000.0,4794000.0,385613000.0,649139000.0,628418000.0,118869000.0,771000.0,437074000.0,191161000.0,-103157000.0,88004000.0,1277557000.0,40800000.0,40684000.0,40943000.0
Teleflex Inc,TFX,UUL85LWXB4NGSWWXIQ25,96943,2011.0,Q2,2011-03-28,2011-06-26,2011-07-27 13:56:45+00:00,0.84,0.84,0.34,0.83,,8714000.0,34487000.0,31587000.0,2900000.0,34070000.0,159000.0,207254000.0,391286000.0,,258000.0,,-816000.0,,,12456000.0,3176000.0,111751000.0,207254000.0,184032000.0,15785000.0,253000.0,127383000.0,56649000.0,-16348000.0,40301000.0,391286000.0,40600000.0,40536000.0,40872000.0
Teleflex Inc,TFX,UUL85LWXB4NGSWWXIQ25,96943,2011.0,Q2YTD,2011-01-01,2011-06-26,,2.78,2.78,0.68,2.75,,15140000.0,112681000.0,49087000.0,63594000.0,111882000.0,159000.0,419874000.0,779944000.0,,258000.0,,-15413000.0,,,23494000.0,3771000.0,221582000.0,419874000.0,360070000.0,31942000.0,359000.0,248847000.0,111223000.0,-46996000.0,64227000.0,779944000.0,40600000.0,40536000.0,40872000.0
Teleflex Inc,TFX,UUL85LWXB4NGSWWXIQ25,96943,2011.0,Q2TTM,2010-06-28,2011-06-26,,5.36,5.36,1.36,5.31,,248000.0,216652000.0,60858000.0,155794000.0,215156000.0,856000.0,695448000.0,1348659000.0,,258000.0,,-15413000.0,,-341000.0,45696000.0,6108000.0,406143000.0,695448000.0,653211000.0,119782000.0,696000.0,457606000.0,195605000.0,-134499000.0,61106000.0,1348659000.0,40600000.0,40536000.0,40872000.0
Teleflex Inc,TFX,UUL85LWXB4NGSWWXIQ25,96943,2011.0,Q1,2011-01-01,2011-03-27,2011-04-26 16:35:46+00:00,1.94,1.94,0.34,1.92,,6426000.0,78194000.0,17500000.0,60694000.0,77812000.0,,212620000.0,388658000.0,,,,-14597000.0,,,11038000.0,595000.0,109831000.0,212620000.0,176038000.0,16157000.0,106000.0,121464000.0,54574000.0,-30648000.0,23926000.0,388658000.0,40100000.0,40057000.0,40424000.0
Teleflex Inc,TFX,UUL85LWXB4NGSWWXIQ25,96943,2011.0,Q1TTM,2010-03-29,2011-03-27,,6.03,6.03,1.36,5.97,,9097000.0,242691000.0,71652000.0,171039000.0,241234000.0,1075000.0,741068000.0,1419048000.0,,,,-14597000.0,,-341000.0,44107000.0,3007000.0,412898000.0,741068000.0,677980000.0,123582000.0,619000.0,459671000.0,218309000.0,-137560000.0,80749000.0,1419048000.0,40100000.0,40057000.0,40424000.0
Teleflex Inc,TFX,UUL85LWXB4NGSWWXIQ25,96943,2012.0,Q4,2012-10-01,2012-12-31,,0.74,0.74,0.34,0.75,332128000.0,13473000.0,29577000.0,30610000.0,-1033000.0,-13290000.0,767000.0,214407000.0,411866000.0,,42100000.0,0.0,,-332128000.0,,16254000.0,2466000.0,120282000.0,214407000.0,197459000.0,14621000.0,247000.0,139002000.0,58457000.0,-14374000.0,44083000.0,411866000.0,40900000.0,40859000.0,40859000.0
Teleflex Inc,TFX,UUL85LWXB4NGSWWXIQ25,96943,2012.0,FY,2012-01-01,2012-12-31,2015-02-20 15:42:54+00:00,-4.65,-4.65,1.36,-4.65,332128000.0,16413000.0,-189102000.0,-181782000.0,-7320000.0,-190057000.0,955000.0,802784000.0,1551009000.0,,,,,-332000.0,,56278000.0,3037000.0,454489000.0,802784000.0,748225000.0,69565000.0,1571000.0,845600000.0,-97375000.0,-67994000.0,-165369000.0,1551009000.0,40900000.0,40859000.0,40859000.0
Teleflex Inc,TFX,UUL85LWXB4NGSWWXIQ25,96943,2012.0,Q3,2012-07-02,2012-09-30,2012-10-31 16:11:30+00:00,0.53,0.53,0.34,0.52,,7237000.0,21930000.0,24451000.0,-2521000.0,21742000.0,188000.0,187487000.0,368054000.0,,,,,,,14760000.0,1088000.0,114878000.0,187487000.0,180567000.0,18493000.0,340000.0,130726000.0,49841000.0,-18153000.0,31688000.0,368054000.0,41000000.0,40890000.0,41511000.0
Teleflex Inc,TFX,UUL85LWXB4NGSWWXIQ25,96943,2012.0,Q3YTD,2012-01-01,2012-09-30,,-5.39,-5.39,1.02,-5.4,,2940000.0,-218679000.0,-212392000.0,-6287000.0,-176767000.0,188000.0,588377000.0,1139143000.0,,-42327000.0,-227000.0,,331796000.0,,40024000.0,571000.0,334207000.0,588377000.0,550766000.0,54944000.0,1324000.0,706598000.0,-155832000.0,-53620000.0,-209452000.0,1139143000.0,41000000.0,40890000.0,41511000.0
Teleflex Inc,TFX,UUL85LWXB4NGSWWXIQ25,96943,2012.0,Q3TTM,2011-09-26,2012-09-30,,-1.26,-1.26,1.36,-1.3,,2978000.0,-50458000.0,-175909000.0,125451000.0,-8971000.0,1253000.0,758636000.0,1479836000.0,,-42740000.0,-227000.0,15413000.0,331796000.0,582000.0,52917000.0,2978000.0,433623000.0,758636000.0,721200000.0,89555000.0,1907000.0,821896000.0,-100696000.0,-72235000.0,-172931000.0,1479836000.0,41000000.0,40890000.0,41511000.0
Teleflex Inc,TFX,UUL85LWXB4NGSWWXIQ25,96943,2012.0,Q2,2012-04-02,2012-07-01,2012-07-31 16:25:53+00:00,1.04,1.04,0.34,1.04,,-278000.0,42899000.0,47266000.0,-4367000.0,85226000.0,,198968000.0,383332000.0,,-42327000.0,,,-332000.0,,13702000.0,321000.0,105951000.0,198968000.0,184364000.0,18240000.0,506000.0,119642000.0,64722000.0,-17734000.0,46988000.0,383332000.0,81900000.0,40834000.0,41076000.0
Teleflex Inc,TFX,UUL85LWXB4NGSWWXIQ25,96943,2012.0,Q2YTD,2012-01-01,2012-07-01,,-5.92,-5.92,0.68,-5.92,,-4297000.0,-240609000.0,-236843000.0,-3766000.0,-198509000.0,,400890000.0,771089000.0,,-42327000.0,-227000.0,,331796000.0,,25264000.0,-517000.0,219329000.0,400890000.0,370199000.0,36451000.0,984000.0,575872000.0,-205673000.0,-35467000.0,-241140000.0,771089000.0,81900000.0,40834000.0,41076000.0
Teleflex Inc,TFX,UUL85LWXB4NGSWWXIQ25,96943,2012.0,Q2TTM,2011-06-27,2012-07-01,,-0.72,-0.72,1.36,-0.75,,6341000.0,-28323000.0,-166608000.0,138285000.0,12938000.0,1479000.0,764766000.0,1483673000.0,,-42740000.0,-227000.0,15413000.0,331796000.0,582000.0,50482000.0,1717000.0,421656000.0,764766000.0,718907000.0,90239000.0,1885000.0,806233000.0,-87326000.0,-72941000.0,-160267000.0,1483673000.0,81900000.0,40834000.0,41076000.0
Teleflex Inc,TFX,UUL85LWXB4NGSWWXIQ25,96943,2012.0,Q1,2012-01-01,2012-04-01,2012-05-01 16:08:40+00:00,-6.96,-6.96,0.34,-6.96,,-4019000.0,-283508000.0,-284109000.0,601000.0,-283735000.0,,201922000.0,387757000.0,,,-227000.0,,332128000.0,,11562000.0,-838000.0,113378000.0,201922000.0,185835000.0,18211000.0,478000.0,456230000.0,-270395000.0,-17733000.0,-288128000.0,387757000.0,40800000.0,40769000.0,40769000.0
Teleflex Inc,TFX,UUL85LWXB4NGSWWXIQ25,96943,2012.0,Q1TTM,2011-03-28,2012-04-01,,-0.92,-0.92,1.36,-0.96,,15333000.0,-36735000.0,-182287000.0,145552000.0,-38218000.0,1638000.0,773052000.0,1491627000.0,,,-227000.0,14597000.0,332128000.0,582000.0,49236000.0,4572000.0,427456000.0,773052000.0,718575000.0,87784000.0,1632000.0,813974000.0,-95399000.0,-71555000.0,-166954000.0,1491627000.0,40800000.0,40769000.0,40769000.0
Teleflex Inc,TFX,UUL85LWXB4NGSWWXIQ25,96943,2013.0,Q4,2013-09-30,2013-12-31,,0.85,0.85,0.34,0.76,,4589000.0,35066000.0,35302000.0,-236000.0,34828000.0,472000.0,225596000.0,450539000.0,,-234000.0,,1250000.0,,,17876000.0,9247000.0,143756000.0,225596000.0,224943000.0,15589000.0,166000.0,170879000.0,54064000.0,-14173000.0,39891000.0,450539000.0,41100000.0,41105000.0,43693000.0
Teleflex Inc,TFX,UUL85LWXB4NGSWWXIQ25,96943,2013.0,FY,2013-01-01,2013-12-31,2015-02-20 15:42:54+00:00,3.67,3.67,1.36,3.45,0.0,23547000.0,151748000.0,152183000.0,-435000.0,150881000.0,867000.0,857326000.0,1696271000.0,,,,,0.0,,65045000.0,38452000.0,502187000.0,857326000.0,838945000.0,58155000.0,624000.0,605684000.0,233261000.0,-57531000.0,175730000.0,1696271000.0,41100000.0,41105000.0,43693000.0
Teleflex Inc,TFX,UUL85LWXB4NGSWWXIQ25,96943,2013.0,Q3,2013-07-01,2013-09-29,2013-10-30 12:02:41+00:00,1.13,1.13,0.34,1.08,,5209000.0,46808000.0,45779000.0,1029000.0,46574000.0,,209804000.0,413796000.0,,234000.0,,-1250000.0,,,15638000.0,7084000.0,115228000.0,209804000.0,203992000.0,13948000.0,144000.0,137950000.0,66042000.0,-15054000.0,50988000.0,413796000.0,41200000.0,41132000.0,43264000.0
Teleflex Inc,TFX,UUL85LWXB4NGSWWXIQ25,96943,2013.0,Q3YTD,2013-01-01,2013-09-29,,2.82,2.82,1.02,2.69,,18958000.0,116682000.0,116881000.0,-199000.0,116053000.0,395000.0,631730000.0,1245732000.0,,234000.0,,-1250000.0,,,47169000.0,29205000.0,358431000.0,631730000.0,614002000.0,42566000.0,458000.0,434805000.0,179197000.0,-43358000.0,135839000.0,1245732000.0,41200000.0,41132000.0,43264000.0
Teleflex Inc,TFX,UUL85LWXB4NGSWWXIQ25,96943,2013.0,Q3TTM,2012-10-01,2013-09-29,,3.56,3.56,1.36,3.44,332128000.0,32431000.0,146259000.0,147491000.0,-1232000.0,102763000.0,1162000.0,846137000.0,1657598000.0,,42561000.0,227000.0,-1250000.0,-332128000.0,,63423000.0,31671000.0,478713000.0,846137000.0,811461000.0,57187000.0,705000.0,573807000.0,237654000.0,-57732000.0,179922000.0,1657598000.0,41200000.0,41132000.0,43264000.0
Teleflex Inc,TFX,UUL85LWXB4NGSWWXIQ25,96943,2013.0,Q2,2013-04-01,2013-06-30,2013-07-31 14:09:19+00:00,1.03,1.03,0.34,0.98,,6082000.0,42635000.0,43401000.0,-766000.0,42441000.0,194000.0,210569000.0,420059000.0,,,,,,,16524000.0,12962000.0,116253000.0,210569000.0,209490000.0,14425000.0,157000.0,145739000.0,63751000.0,-14268000.0,49483000.0,420059000.0,41200000.0,41115000.0,43429000.0
Teleflex Inc,TFX,UUL85LWXB4NGSWWXIQ25,96943,2013.0,Q2YTD,2013-01-01,2013-06-30,,1.69,1.69,0.68,1.61,,13749000.0,69874000.0,71102000.0,-1228000.0,69479000.0,395000.0,421926000.0,831936000.0,,,,,,,31531000.0,22121000.0,243203000.0,421926000.0,410010000.0,28618000.0,314000.0,296855000.0,113155000.0,-28304000.0,84851000.0,831936000.0,41200000.0,41115000.0,43429000.0
Teleflex Inc,TFX,UUL85LWXB4NGSWWXIQ25,96943,2013.0,Q2TTM,2012-07-02,2013-06-30,,2.96,2.96,1.36,2.88,332128000.0,34459000.0,121381000.0,126163000.0,-4782000.0,77931000.0,1350000.0,823820000.0,1611856000.0,,42327000.0,227000.0,,-332128000.0,,62545000.0,25675000.0,478363000.0,823820000.0,788036000.0,61732000.0,901000.0,566583000.0,221453000.0,-60831000.0,160622000.0,1611856000.0,41200000.0,41115000.0,43429000.0
Teleflex Inc,TFX,UUL85LWXB4NGSWWXIQ25,96943,2013.0,Q1,2013-01-01,2013-03-31,2013-04-30 16:09:12+00:00,0.66,0.66,0.34,0.63,,7667000.0,27239000.0,27701000.0,-462000.0,27038000.0,201000.0,211357000.0,411877000.0,,,,,,,15007000.0,9159000.0,126950000.0,211357000.0,200520000.0,14193000.0,157000.0,151116000.0,49404000.0,-14036000.0,35368000.0,411877000.0,41000000.0,41014000.0,43047000.0
Teleflex Inc,TFX,UUL85LWXB4NGSWWXIQ25,96943,2013.0,Q1TTM,2012-04-02,2013-03-31,,2.97,2.97,1.36,2.94,332128000.0,28099000.0,121645000.0,130028000.0,-8383000.0,120716000.0,1156000.0,812219000.0,1575129000.0,,,227000.0,,-332460000.0,,59723000.0,13034000.0,468061000.0,812219000.0,762910000.0,65547000.0,1250000.0,540486000.0,222424000.0,-64297000.0,158127000.0,1575129000.0,41000000.0,41014000.0,43047000.0
Teleflex Inc,TFX,UUL85LWXB4NGSWWXIQ25,96943,2014.0,FY,2014-01-01,2014-12-31,2017-02-23 09:03:47+00:00,4.54,4.54,1.36,4.04,,28650000.0,188751000.0,191460000.0,-2709000.0,187679000.0,1072000.0,897404000.0,1839832000.0,,,,,0.0,,61040000.0,17869000.0,578657000.0,897404000.0,942428000.0,65458000.0,706000.0,657566000.0,284862000.0,-64752000.0,220110000.0,1839832000.0,41300000.0,41366000.0,46470000.0
Teleflex Inc,TFX,UUL85LWXB4NGSWWXIQ25,96943,2014.0,Q4,2014-09-29,2014-12-31,,1.23,1.23,0.34,1.08,,426000.0,50945000.0,3756000.0,-1188000.0,50638000.0,760000.0,234993000.0,476008000.0,48377000.0,-453000.0,-48377000.0,,,,17237000.0,1358000.0,153265000.0,234993000.0,241015000.0,16808000.0,212000.0,171860000.0,69155000.0,-16596000.0,52559000.0,476008000.0,41300000.0,41366000.0,46470000.0
Teleflex Inc,TFX,UUL85LWXB4NGSWWXIQ25,96943,2014.0,Q3YTD,2014-01-01,2014-09-28,,3.31,3.31,1.02,2.96,,28224000.0,137806000.0,187704000.0,-1521000.0,137041000.0,312000.0,662411000.0,1363824000.0,-48377000.0,453000.0,48377000.0,,,,43803000.0,16511000.0,425392000.0,662411000.0,701413000.0,48650000.0,494000.0,485706000.0,215707000.0,-48156000.0,167551000.0,1363824000.0,41500000.0,41399000.0,46628000.0
Teleflex Inc,TFX,UUL85LWXB4NGSWWXIQ25,96943,2014.0,Q3TTM,2013-09-30,2014-09-28,,4.16,4.16,1.36,3.72,,32813000.0,172872000.0,223006000.0,-1757000.0,171869000.0,784000.0,888007000.0,1814363000.0,-48377000.0,219000.0,48377000.0,1250000.0,,,61679000.0,25758000.0,569148000.0,888007000.0,926356000.0,64239000.0,660000.0,656585000.0,269771000.0,-62329000.0,207442000.0,1814363000.0,41500000.0,41399000.0,46628000.0
Teleflex Inc,TFX,UUL85LWXB4NGSWWXIQ25,96943,2014.0,Q3,2014-06-30,2014-09-28,2015-10-29 13:54:55+00:00,1.32,1.32,0.34,1.18,,9684000.0,54957000.0,55228000.0,-271000.0,54831000.0,126000.0,221007000.0,457173000.0,,,,,,0.0,14871000.0,1108000.0,138252000.0,221007000.0,236166000.0,17184000.0,161000.0,154231000.0,81935000.0,-17023000.0,64912000.0,457173000.0,41500000.0,41399000.0,46628000.0
Teleflex Inc,TFX,UUL85LWXB4NGSWWXIQ25,96943,2014.0,Q2YTD,2014-01-01,2014-06-29,,1.99,1.99,0.68,1.78,,18540000.0,82849000.0,132476000.0,-1250000.0,82210000.0,186000.0,441404000.0,906651000.0,-48377000.0,453000.0,48377000.0,,,,28932000.0,15403000.0,287140000.0,441404000.0,465247000.0,31466000.0,333000.0,331475000.0,133772000.0,-31133000.0,102639000.0,906651000.0,41400000.0,41380000.0,46392000.0
Teleflex Inc,TFX,UUL85LWXB4NGSWWXIQ25,96943,2014.0,Q2TTM,2013-07-01,2014-06-29,,3.97,3.97,1.36,3.62,,28338000.0,164723000.0,213557000.0,-457000.0,163612000.0,658000.0,876804000.0,1770986000.0,-48377000.0,453000.0,48377000.0,,,,62446000.0,31734000.0,546124000.0,876804000.0,894182000.0,61003000.0,643000.0,640304000.0,253878000.0,-60360000.0,193518000.0,1770986000.0,41400000.0,41380000.0,46392000.0
Teleflex Inc,TFX,UUL85LWXB4NGSWWXIQ25,96943,2014.0,Q2,2014-03-31,2014-06-29,2015-07-30 16:21:29+00:00,1.14,1.14,0.34,1.02,,10006000.0,47705000.0,97207000.0,-1125000.0,47252000.0,,224017000.0,468105000.0,-48377000.0,453000.0,48377000.0,,,,14870000.0,7623000.0,146843000.0,224017000.0,244088000.0,16062000.0,146000.0,169336000.0,74752000.0,-15916000.0,58836000.0,468105000.0,41400000.0,41380000.0,46392000.0
Teleflex Inc,TFX,UUL85LWXB4NGSWWXIQ25,96943,2014.0,Q1,2014-01-01,2014-03-30,2014-04-30 14:12:04+00:00,0.85,0.85,0.34,0.76,,8534000.0,35144000.0,35269000.0,-125000.0,34958000.0,186000.0,217387000.0,438546000.0,,,,,,,14062000.0,7780000.0,140297000.0,217387000.0,221159000.0,15404000.0,187000.0,162139000.0,59020000.0,-15217000.0,43803000.0,438546000.0,41100000.0,41262000.0,45749000.0
Teleflex Inc,TFX,UUL85LWXB4NGSWWXIQ25,96943,2014.0,Q1TTM,2013-04-01,2014-03-30,,3.86,3.86,1.36,3.58,,24414000.0,159653000.0,159751000.0,-98000.0,158801000.0,852000.0,863356000.0,1722940000.0,,,,,,,64100000.0,37073000.0,515534000.0,863356000.0,859584000.0,59366000.0,654000.0,616707000.0,242877000.0,-58712000.0,184165000.0,1722940000.0,41100000.0,41262000.0,45749000.0
Teleflex Inc,TFX,UUL85LWXB4NGSWWXIQ25,96943,2015.0,FY,2015-01-01,2015-12-31,2018-02-22 15:03:06+00:00,5.89,5.89,1.36,5.1,,7838000.0,245713000.0,236808000.0,8905000.0,244863000.0,850000.0,865287000.0,1809690000.0,,,,,,-408000.0,52119000.0,7819000.0,568982000.0,865287000.0,944403000.0,71777000.0,532000.0,628512000.0,315891000.0,-71245000.0,244646000.0,1809690000.0,41600000.0,41558000.0,48058000.0
Teleflex Inc,TFX,UUL85LWXB4NGSWWXIQ25,96943,2015.0,Q4,2015-09-28,2015-12-31,,2.44,2.44,0.34,2.11,,-7577000.0,101282000.0,-54586000.0,10517000.0,101124000.0,850000.0,224185000.0,484501000.0,145351000.0,-664000.0,-145351000.0,,,,13221000.0,2131000.0,148217000.0,224185000.0,260316000.0,13638000.0,79000.0,163569000.0,96747000.0,-13559000.0,83188000.0,484501000.0,41600000.0,41558000.0,48058000.0
Teleflex Inc,TFX,UUL85LWXB4NGSWWXIQ25,96943,2015.0,Q3,2015-06-29,2015-09-27,2016-10-27 12:24:11+00:00,1.46,1.46,0.34,1.25,,803000.0,60852000.0,123114000.0,-719000.0,60824000.0,,215501000.0,443714000.0,-61543000.0,,61543000.0,,,-408000.0,12571000.0,660000.0,138840000.0,215501000.0,228213000.0,14306000.0,130000.0,151663000.0,76550000.0,-14176000.0,62374000.0,443714000.0,41700000.0,41597000.0,48532000.0
Teleflex Inc,TFX,UUL85LWXB4NGSWWXIQ25,96943,2015.0,Q3YTD,2015-01-01,2015-09-27,,3.45,3.45,1.02,2.99,,15415000.0,144431000.0,291394000.0,-1612000.0,143739000.0,,641102000.0,1325189000.0,-145351000.0,664000.0,145351000.0,,,-408000.0,38898000.0,5688000.0,420765000.0,641102000.0,684087000.0,58139000.0,453000.0,464943000.0,219144000.0,-57686000.0,161458000.0,1325189000.0,41700000.0,41597000.0,48532000.0
Teleflex Inc,TFX,UUL85LWXB4NGSWWXIQ25,96943,2015.0,Q3TTM,2014-09-29,2015-09-27,,4.68,4.68,1.36,4.07,,15841000.0,195376000.0,295150000.0,-2800000.0,194377000.0,760000.0,876095000.0,1801197000.0,-96974000.0,211000.0,96974000.0,,,-408000.0,56135000.0,7046000.0,574030000.0,876095000.0,925102000.0,74947000.0,665000.0,636803000.0,288299000.0,-74282000.0,214017000.0,1801197000.0,41700000.0,41597000.0,48532000.0
Teleflex Inc,TFX,UUL85LWXB4NGSWWXIQ25,96943,2015.0,Q2,2015-03-30,2015-06-28,2016-07-28 12:10:12+00:00,1.07,1.07,0.34,0.93,,5280000.0,45009000.0,89952000.0,-190000.0,44563000.0,,218808000.0,452045000.0,-44753000.0,446000.0,44753000.0,,,0.0,13443000.0,580000.0,142228000.0,218808000.0,233237000.0,26661000.0,154000.0,156251000.0,76986000.0,-26507000.0,50479000.0,452045000.0,41600000.0,41560000.0,48081000.0
Teleflex Inc,TFX,UUL85LWXB4NGSWWXIQ25,96943,2015.0,Q2YTD,2015-01-01,2015-06-28,,1.99,1.99,0.68,1.74,,14612000.0,83579000.0,168280000.0,-893000.0,82915000.0,,425601000.0,881475000.0,-83808000.0,664000.0,83808000.0,,,,26327000.0,5028000.0,281925000.0,425601000.0,455874000.0,43833000.0,323000.0,313280000.0,142594000.0,-43510000.0,99084000.0,881475000.0,41600000.0,41560000.0,48081000.0
Teleflex Inc,TFX,UUL85LWXB4NGSWWXIQ25,96943,2015.0,Q2TTM,2014-06-30,2015-06-28,,4.54,4.54,1.36,4.0,,24722000.0,189481000.0,227264000.0,-2352000.0,188384000.0,886000.0,881601000.0,1814656000.0,-35431000.0,211000.0,35431000.0,,,,58435000.0,7494000.0,573442000.0,881601000.0,933055000.0,77825000.0,696000.0,639371000.0,293684000.0,-77129000.0,216555000.0,1814656000.0,41600000.0,41560000.0,48081000.0
Teleflex Inc,TFX,UUL85LWXB4NGSWWXIQ25,96943,2015.0,Q1,2015-01-01,2015-03-29,2016-04-28 13:20:52+00:00,0.92,0.92,0.34,0.81,,9332000.0,38570000.0,78328000.0,-703000.0,38352000.0,,206793000.0,429430000.0,-39055000.0,218000.0,39055000.0,,,0.0,12884000.0,4448000.0,139697000.0,206793000.0,222637000.0,17172000.0,169000.0,157029000.0,65608000.0,-17003000.0,48605000.0,429430000.0,41700000.0,41469000.0,47295000.0
Teleflex Inc,TFX,UUL85LWXB4NGSWWXIQ25,96943,2015.0,Q1TTM,2014-03-31,2015-03-29,,4.61,4.61,1.36,4.09,,29448000.0,192177000.0,234519000.0,-3287000.0,191073000.0,886000.0,886810000.0,1830716000.0,-39055000.0,218000.0,39055000.0,,,,59862000.0,14537000.0,578057000.0,886810000.0,943906000.0,67226000.0,688000.0,652456000.0,291450000.0,-66538000.0,224912000.0,1830716000.0,41700000.0,41469000.0,47295000.0
Teleflex Inc,TFX,UUL85LWXB4NGSWWXIQ25,96943,2016.0,FY,2016-01-01,2016-12-31,2019-02-21 15:09:35+00:00,5.48,5.48,1.36,4.98,,8074000.0,237841000.0,237651000.0,190000.0,237377000.0,464000.0,871827000.0,1868027000.0,,,,,,-4367000.0,58579000.0,59227000.0,563308000.0,871827000.0,996200000.0,74202000.0,474000.0,676747000.0,319453000.0,-73728000.0,245725000.0,1868027000.0,43300000.0,43325000.0,47646000.0
Teleflex Inc,TFX,UUL85LWXB4NGSWWXIQ25,96943,2016.0,Q4,2016-09-26,2016-12-31,,1.39,1.39,-1.02,1.28,,-10060000.0,61063000.0,127076000.0,187000.0,61063000.0,,240881000.0,513933000.0,-66200000.0,,66200000.0,,,-194000.0,15687000.0,46351000.0,144180000.0,240881000.0,273052000.0,16362000.0,150000.0,206024000.0,67028000.0,-16212000.0,50816000.0,513933000.0,43300000.0,43325000.0,47646000.0
Teleflex Inc,TFX,UUL85LWXB4NGSWWXIQ25,96943,2016.0,Q3,2016-06-27,2016-09-25,2017-11-02 11:43:21+00:00,1.51,1.51,0.34,1.4,,7514000.0,66322000.0,,122000.0,66322000.0,,214046000.0,455648000.0,66200000.0,,-66200000.0,,,-2776000.0,15067000.0,3027000.0,139797000.0,214046000.0,241602000.0,12888000.0,115000.0,155115000.0,86487000.0,-12773000.0,73714000.0,455648000.0,43900000.0,44045000.0,47446000.0
Teleflex Inc,TFX,UUL85LWXB4NGSWWXIQ25,96943,2016.0,Q3YTD,2016-01-01,2016-09-25,,4.09,4.09,1.02,3.7,,18134000.0,176778000.0,110575000.0,3000.0,176314000.0,464000.0,630946000.0,1354094000.0,66200000.0,,-66200000.0,,,-4173000.0,42892000.0,12876000.0,419128000.0,630946000.0,723148000.0,57840000.0,324000.0,470723000.0,252425000.0,-57516000.0,194909000.0,1354094000.0,43900000.0,44045000.0,47446000.0
Teleflex Inc,TFX,UUL85LWXB4NGSWWXIQ25,96943,2016.0,Q3TTM,2015-09-28,2016-09-25,,6.53,6.53,1.36,5.81,,10557000.0,278060000.0,55989000.0,10520000.0,277438000.0,1314000.0,855131000.0,1838595000.0,211551000.0,-664000.0,-211551000.0,,,-4173000.0,56113000.0,15007000.0,567345000.0,855131000.0,983464000.0,71478000.0,403000.0,634292000.0,349172000.0,-71075000.0,278097000.0,1838595000.0,43900000.0,44045000.0,47446000.0
Teleflex Inc,TFX,UUL85LWXB4NGSWWXIQ25,96943,2016.0,Q2,2016-03-28,2016-06-26,2017-08-03 12:02:52+00:00,1.36,1.36,0.34,1.26,,8007000.0,59588000.0,59395000.0,193000.0,59303000.0,285000.0,217154000.0,473553000.0,,,,,,-378000.0,15472000.0,-119000.0,142983000.0,217154000.0,256399000.0,31168000.0,129000.0,157958000.0,98441000.0,-31039000.0,67402000.0,473553000.0,43600000.0,43549000.0,47246000.0
Teleflex Inc,TFX,UUL85LWXB4NGSWWXIQ25,96943,2016.0,Q2YTD,2016-01-01,2016-06-26,,2.58,2.58,0.68,2.3,,10620000.0,110456000.0,110575000.0,-119000.0,109992000.0,464000.0,416900000.0,898446000.0,,,,,,-1397000.0,27825000.0,9849000.0,279331000.0,416900000.0,481546000.0,44952000.0,209000.0,315608000.0,165938000.0,-44743000.0,121195000.0,898446000.0,43600000.0,43549000.0,47246000.0
Teleflex Inc,TFX,UUL85LWXB4NGSWWXIQ25,96943,2016.0,Q2TTM,2015-06-29,2016-06-26,,6.48,6.48,1.36,5.66,,3846000.0,272590000.0,179103000.0,9679000.0,271940000.0,1314000.0,856586000.0,1826661000.0,83808000.0,-664000.0,-83808000.0,,,-1805000.0,53617000.0,12640000.0,566388000.0,856586000.0,970075000.0,72896000.0,418000.0,630840000.0,339235000.0,-72478000.0,266757000.0,1826661000.0,43600000.0,43549000.0,47246000.0
Teleflex Inc,TFX,UUL85LWXB4NGSWWXIQ25,96943,2016.0,Q1,2016-01-01,2016-03-27,2017-05-04 13:37:19+00:00,1.22,1.22,0.34,1.04,,2613000.0,50868000.0,51180000.0,-312000.0,50689000.0,179000.0,199746000.0,424893000.0,,,,,,-1019000.0,12353000.0,9968000.0,136348000.0,199746000.0,225147000.0,13784000.0,80000.0,157650000.0,67497000.0,-13704000.0,53793000.0,424893000.0,41500000.0,41647000.0,48782000.0
Teleflex Inc,TFX,UUL85LWXB4NGSWWXIQ25,96943,2016.0,Q1TTM,2015-03-30,2016-03-27,,6.19,6.19,1.36,5.33,,1119000.0,258011000.0,209660000.0,9296000.0,257200000.0,1029000.0,858240000.0,1805153000.0,39055000.0,-218000.0,-39055000.0,,,-1427000.0,51588000.0,13339000.0,565633000.0,858240000.0,946913000.0,68389000.0,443000.0,629133000.0,317780000.0,-67946000.0,249834000.0,1805153000.0,41500000.0,41647000.0,48782000.0
Teleflex Inc,TFX,UUL85LWXB4NGSWWXIQ25,96943,2017.0,FY,2017-01-01,2017-12-31,2020-02-21 12:15:22+00:00,3.39,3.39,1.36,3.27,,129648000.0,152530000.0,155263000.0,-2733000.0,152530000.0,,974501000.0,2146303000.0,,,,,,0.0,84770000.0,14790000.0,699963000.0,974501000.0,1171802000.0,88139000.0,771000.0,799523000.0,372279000.0,-87368000.0,284911000.0,2146303000.0,45000000.0,45004000.0,46664000.0
Teleflex Inc,TFX,UUL85LWXB4NGSWWXIQ25,96943,2017.0,Q4,2017-10-02,2017-12-31,,-0.94,-0.94,-1.02,-0.91,,110244000.0,-42658000.0,-42847000.0,189000.0,-42658000.0,,264375000.0,595106000.0,,,,,,,25471000.0,1067000.0,213289000.0,264375000.0,330731000.0,23662000.0,155000.0,239827000.0,90904000.0,-23507000.0,67397000.0,595106000.0,45000000.0,45004000.0,46664000.0
Teleflex Inc,TFX,UUL85LWXB4NGSWWXIQ25,96943,2017.0,Q3,2017-07-03,2017-10-01,2018-11-01 10:54:26+00:00,1.71,1.71,0.34,1.65,,9978000.0,77015000.0,79398000.0,-2383000.0,77015000.0,,239476000.0,534703000.0,,,,,,,21194000.0,-92000.0,163771000.0,239476000.0,295227000.0,21264000.0,286000.0,184873000.0,110354000.0,-20978000.0,89376000.0,534703000.0,45000000.0,45035000.0,46587000.0
Teleflex Inc,TFX,UUL85LWXB4NGSWWXIQ25,96943,2017.0,Q3YTD,2017-01-01,2017-10-01,,4.33,4.33,1.02,4.18,,19404000.0,195188000.0,198110000.0,-2922000.0,195188000.0,,710126000.0,1551197000.0,,,,,,,59299000.0,13723000.0,486674000.0,710126000.0,841071000.0,64477000.0,616000.0,559696000.0,281375000.0,-63861000.0,217514000.0,1551197000.0,45000000.0,45035000.0,46587000.0
Teleflex Inc,TFX,UUL85LWXB4NGSWWXIQ25,96943,2017.0,Q3TTM,2016-09-26,2017-10-01,,5.72,5.72,,5.46,,9344000.0,256251000.0,325186000.0,-2735000.0,256251000.0,,951007000.0,2065130000.0,-66200000.0,,66200000.0,,,-194000.0,74986000.0,60074000.0,630854000.0,951007000.0,1114123000.0,80839000.0,766000.0,765720000.0,348403000.0,-80073000.0,268330000.0,2065130000.0,45000000.0,45035000.0,46587000.0
Teleflex Inc,TFX,UUL85LWXB4NGSWWXIQ25,96943,2017.0,Q2,2017-04-03,2017-07-02,2018-08-02 11:31:01+00:00,1.73,1.73,0.34,1.67,,12095000.0,78003000.0,78363000.0,-360000.0,78003000.0,,238329000.0,528613000.0,,,,,,,20278000.0,870000.0,158934000.0,238329000.0,290284000.0,19905000.0,161000.0,180082000.0,110202000.0,-19744000.0,90458000.0,528613000.0,45100000.0,44996000.0,46818000.0
Teleflex Inc,TFX,UUL85LWXB4NGSWWXIQ25,96943,2017.0,Q2YTD,2017-01-01,2017-07-02,,2.62,2.62,0.68,2.53,,9426000.0,118173000.0,118712000.0,-539000.0,118173000.0,,470650000.0,1016494000.0,,,,,,,38105000.0,13815000.0,322903000.0,470650000.0,545844000.0,43213000.0,330000.0,374823000.0,171021000.0,-42883000.0,128138000.0,1016494000.0,45100000.0,44996000.0,46818000.0
Teleflex Inc,TFX,UUL85LWXB4NGSWWXIQ25,96943,2017.0,Q2TTM,2016-06-27,2017-07-02,,5.52,5.52,,5.21,,6880000.0,245558000.0,245788000.0,-230000.0,245558000.0,,925577000.0,1986075000.0,,,,,,-2970000.0,68859000.0,63193000.0,606880000.0,925577000.0,1060498000.0,72463000.0,595000.0,735962000.0,324536000.0,-71868000.0,252668000.0,1986075000.0,45100000.0,44996000.0,46818000.0
Teleflex Inc,TFX,UUL85LWXB4NGSWWXIQ25,96943,2017.0,Q1,2017-01-01,2017-04-02,2018-05-03 14:12:35+00:00,0.89,0.89,0.34,0.86,,-2669000.0,40170000.0,40349000.0,-179000.0,40170000.0,,232321000.0,487881000.0,,,,,,,17827000.0,12945000.0,163969000.0,232321000.0,255560000.0,23308000.0,169000.0,194741000.0,60819000.0,-23139000.0,37680000.0,487881000.0,45100000.0,44893000.0,46615000.0
Teleflex Inc,TFX,UUL85LWXB4NGSWWXIQ25,96943,2017.0,Q1TTM,2016-03-28,2017-04-02,,5.15,5.15,,4.8,,2792000.0,227143000.0,226820000.0,323000.0,226858000.0,285000.0,904402000.0,1931015000.0,,,,,,-3348000.0,64053000.0,62204000.0,590929000.0,904402000.0,1026613000.0,83726000.0,563000.0,713838000.0,312775000.0,-83163000.0,229612000.0,1931015000.0,45100000.0,44893000.0,46615000.0
Teleflex Inc,TFX,UUL85LWXB4NGSWWXIQ25,96943,2018.0,FY,2018-01-01,2018-12-31,2020-02-21 12:15:22+00:00,4.39,4.39,1.36,4.29,,23196000.0,200802000.0,196432000.0,4370000.0,200802000.0,,1063941000.0,2448383000.0,,,,,,-1388000.0,106208000.0,79230000.0,878688000.0,1063941000.0,1384442000.0,103020000.0,944000.0,1062738000.0,321704000.0,-102076000.0,219628000.0,2448383000.0,45700000.0,45689000.0,46801000.0
Teleflex Inc,TFX,UUL85LWXB4NGSWWXIQ25,96943,2018.0,Q4,2018-10-01,2018-12-31,,1.97,1.97,,1.93,,8664000.0,90590000.0,87513000.0,3077000.0,90590000.0,,275794000.0,641615000.0,,,,,,-1388000.0,27798000.0,1605000.0,218540000.0,275794000.0,365821000.0,23257000.0,168000.0,246555000.0,119266000.0,-23089000.0,96177000.0,641615000.0,45700000.0,45689000.0,46801000.0
Teleflex Inc,TFX,UUL85LWXB4NGSWWXIQ25,96943,2018.0,Q3,2018-07-02,2018-09-30,2019-10-31 12:49:54+00:00,1.23,1.23,,1.21,,-1286000.0,56524000.0,56540000.0,-16000.0,56524000.0,,267099000.0,609672000.0,,,,,,0.0,26365000.0,19209000.0,214894000.0,267099000.0,342573000.0,27171000.0,320000.0,260468000.0,82105000.0,-26851000.0,55254000.0,609672000.0,46000000.0,45851000.0,46815000.0
Teleflex Inc,TFX,UUL85LWXB4NGSWWXIQ25,96943,2018.0,Q3YTD,2018-01-01,2018-09-30,,2.42,2.42,,2.36,,14532000.0,110212000.0,108919000.0,1293000.0,110212000.0,,788147000.0,1806768000.0,,,,,,,78410000.0,77625000.0,660148000.0,788147000.0,1018621000.0,79763000.0,776000.0,816183000.0,202438000.0,-78987000.0,123451000.0,1806768000.0,46000000.0,45851000.0,46815000.0
Teleflex Inc,TFX,UUL85LWXB4NGSWWXIQ25,96943,2018.0,Q3TTM,2017-10-02,2018-09-30,,1.48,1.48,-1.02,1.45,,124776000.0,67554000.0,66072000.0,1482000.0,67554000.0,,1052522000.0,2401874000.0,,,,,,,103881000.0,78692000.0,873437000.0,1052522000.0,1349352000.0,103425000.0,931000.0,1056010000.0,293342000.0,-102494000.0,190848000.0,2401874000.0,46000000.0,45851000.0,46815000.0
Teleflex Inc,TFX,UUL85LWXB4NGSWWXIQ25,96943,2018.0,Q2,2018-04-02,2018-07-01,2019-08-01 11:47:34+00:00,-0.05,-0.05,,-0.05,,9576000.0,-2496000.0,-2552000.0,56000.0,-2496000.0,,265088000.0,609866000.0,,,,,,0.0,26018000.0,55353000.0,229917000.0,265088000.0,344778000.0,26649000.0,183000.0,311288000.0,33490000.0,-26466000.0,7024000.0,609866000.0,49900000.0,45581000.0,45581000.0
Teleflex Inc,TFX,UUL85LWXB4NGSWWXIQ25,96943,2018.0,Q2YTD,2018-01-01,2018-07-01,,1.19,1.19,,1.15,,15818000.0,53688000.0,52379000.0,1309000.0,53688000.0,,521048000.0,1197096000.0,,,,,,,52045000.0,58416000.0,445254000.0,521048000.0,676048000.0,52592000.0,456000.0,555715000.0,120333000.0,-52136000.0,68197000.0,1197096000.0,49900000.0,45581000.0,45581000.0
Teleflex Inc,TFX,UUL85LWXB4NGSWWXIQ25,96943,2018.0,Q2TTM,2017-07-03,2018-07-01,,1.96,1.96,-0.68,1.89,,136040000.0,88045000.0,88930000.0,-885000.0,88045000.0,,1024899000.0,2326905000.0,,,,,,,98710000.0,59391000.0,822314000.0,1024899000.0,1302006000.0,97518000.0,897000.0,980415000.0,321591000.0,-96621000.0,224970000.0,2326905000.0,49900000.0,45581000.0,45581000.0
Teleflex Inc,TFX,UUL85LWXB4NGSWWXIQ25,96943,2018.0,Q1,2018-01-01,2018-04-01,2019-05-02 12:08:55+00:00,1.24,1.24,,1.2,,6242000.0,56184000.0,54931000.0,1253000.0,56184000.0,,255960000.0,587230000.0,,,,,,0.0,26027000.0,3063000.0,215337000.0,255960000.0,331270000.0,25943000.0,273000.0,244427000.0,86843000.0,-25670000.0,61173000.0,587230000.0,45300000.0,45329000.0,46695000.0
Teleflex Inc,TFX,UUL85LWXB4NGSWWXIQ25,96943,2018.0,Q1TTM,2017-04-03,2018-04-01,,3.74,3.74,-0.34,3.61,,138559000.0,168544000.0,169845000.0,-1301000.0,168544000.0,,998140000.0,2245652000.0,,,,,,,92970000.0,4908000.0,751331000.0,998140000.0,1247512000.0,90774000.0,875000.0,849209000.0,398303000.0,-89899000.0,308404000.0,2245652000.0,45300000.0,45329000.0,46695000.0
Teleflex Inc,TFX,UUL85LWXB4NGSWWXIQ25,96943,2019.0,Q4,2019-09-30,2019-12-31,,2.34,2.34,,2.31,,-6511000.0,108265000.0,107806000.0,459000.0,108265000.0,,261914000.0,680952000.0,,,,,,-2249000.0,31128000.0,1857000.0,261370000.0,261914000.0,419038000.0,26097000.0,460000.0,292106000.0,126932000.0,-25637000.0,101295000.0,680952000.0,46200000.0,46200000.0,47090000.0
Teleflex Inc,TFX,UUL85LWXB4NGSWWXIQ25,96943,2019.0,FY,2019-01-01,2019-12-31,2020-02-21 12:15:22+00:00,9.99,9.99,1.36,9.8,,-122078000.0,461466000.0,461981000.0,-515000.0,461466000.0,,1103750000.0,2595362000.0,,,,,,-6077000.0,113857000.0,22205000.0,934373000.0,1103750000.0,1491612000.0,89092000.0,1741000.0,1064358000.0,427254000.0,-87351000.0,339903000.0,2595362000.0,46200000.0,46200000.0,47090000.0
Teleflex Inc,TFX,UUL85LWXB4NGSWWXIQ25,96943,2019.0,Q3,2019-07-01,2019-09-29,2019-10-31 12:49:54+00:00,4.95,4.95,,4.85,,-130383000.0,228929000.0,228929000.0,0.0,228929000.0,,272639000.0,648319000.0,,,,,,-1089000.0,27984000.0,1268000.0,229896000.0,272639000.0,375680000.0,19545000.0,470000.0,258059000.0,117621000.0,-19075000.0,98546000.0,648319000.0,46200000.0,46248000.0,47176000.0
Teleflex Inc,TFX,UUL85LWXB4NGSWWXIQ25,96943,2019.0,Q3YTD,2019-01-01,2019-09-29,,7.65,7.65,,7.49,,-115567000.0,353201000.0,354175000.0,-974000.0,353201000.0,,841836000.0,1914410000.0,,,,,,-3828000.0,82729000.0,20348000.0,673003000.0,841836000.0,1072574000.0,62995000.0,1281000.0,772252000.0,300322000.0,-61714000.0,238608000.0,1914410000.0,46200000.0,46248000.0,47176000.0
Teleflex Inc,TFX,UUL85LWXB4NGSWWXIQ25,96943,2019.0,Q3TTM,2018-10-01,2019-09-29,,9.62,9.62,,9.42,,-106903000.0,443791000.0,441688000.0,2103000.0,443791000.0,,1117630000.0,2556025000.0,,,,,,-5216000.0,110527000.0,21953000.0,891543000.0,1117630000.0,1438395000.0,86252000.0,1449000.0,1018807000.0,419588000.0,-84803000.0,334785000.0,2556025000.0,46200000.0,46248000.0,47176000.0
Teleflex Inc,TFX,UUL85LWXB4NGSWWXIQ25,96943,2019.0,Q2YTD,2019-01-01,2019-06-30,,2.7,2.7,,2.64,,14816000.0,124272000.0,125246000.0,-974000.0,124272000.0,,569197000.0,1266091000.0,,,,,,-2739000.0,54745000.0,19080000.0,443107000.0,569197000.0,696894000.0,43450000.0,811000.0,514193000.0,182701000.0,-42639000.0,140062000.0,1266091000.0,46100000.0,46172000.0,47036000.0
Teleflex Inc,TFX,UUL85LWXB4NGSWWXIQ25,96943,2019.0,Q2TTM,2018-07-02,2019-06-30,,5.9,5.9,,5.78,,22194000.0,271386000.0,269299000.0,2087000.0,271386000.0,,1112090000.0,2517378000.0,,,,,,-4127000.0,108908000.0,39894000.0,876541000.0,1112090000.0,1405288000.0,93878000.0,1299000.0,1021216000.0,384072000.0,-92579000.0,291493000.0,2517378000.0,46100000.0,46172000.0,47036000.0
Teleflex Inc,TFX,UUL85LWXB4NGSWWXIQ25,96943,2019.0,Q2,2019-04-01,2019-06-30,2019-08-01 11:47:34+00:00,1.81,1.81,,1.77,,3844000.0,83375000.0,83328000.0,47000.0,83375000.0,,279583000.0,652507000.0,,,,,,0.0,27595000.0,1685000.0,236186000.0,279583000.0,372924000.0,20758000.0,472000.0,265466000.0,107458000.0,-20286000.0,87172000.0,652507000.0,46100000.0,46172000.0,47036000.0
Teleflex Inc,TFX,UUL85LWXB4NGSWWXIQ25,96943,2019.0,Q1,2019-01-01,2019-03-31,2020-04-30 11:08:19+00:00,0.89,0.89,0.34,0.87,,10972000.0,40897000.0,41918000.0,-1021000.0,40897000.0,,289614000.0,613584000.0,,,,,,-2739000.0,27150000.0,17395000.0,206921000.0,289614000.0,323970000.0,22692000.0,339000.0,248727000.0,75243000.0,-22353000.0,52890000.0,613584000.0,46000000.0,46050000.0,46942000.0
Teleflex Inc,TFX,UUL85LWXB4NGSWWXIQ25,96943,2019.0,Q1TTM,2018-04-02,2019-03-31,,4.04,4.04,,3.96,,27926000.0,185515000.0,183419000.0,2096000.0,185515000.0,,1097595000.0,2474737000.0,,,,,,-4127000.0,107331000.0,93562000.0,870272000.0,1097595000.0,1377142000.0,99769000.0,1010000.0,1067038000.0,310104000.0,-98759000.0,211345000.0,2474737000.0,46000000.0,46050000.0,46942000.0
Teleflex Inc,TFX,UUL85LWXB4NGSWWXIQ25,96943,2020.0,Q1TTM,2019-04-01,2020-03-29,,11.93,11.93,,11.71,,-121976000.0,551719000.0,551215000.0,504000.0,551719000.0,,1111154000.0,2612420000.0,,,,,,-3338000.0,114103000.0,6156000.0,875248000.0,1111154000.0,1501266000.0,81839000.0,1981000.0,992169000.0,509097000.0,-79858000.0,429239000.0,2612420000.0,46300000.0,46382000.0,47231000.0
Teleflex Inc,TFX,UUL85LWXB4NGSWWXIQ25,96943,2020.0,Q1,2020-01-01,2020-03-29,2020-04-30 11:08:19+00:00,2.83,2.83,0.34,2.78,,11074000.0,131150000.0,131152000.0,-2000.0,131150000.0,,297018000.0,630642000.0,,,,,,0.0,27396000.0,1346000.0,147796000.0,297018000.0,333624000.0,15439000.0,579000.0,176538000.0,157086000.0,-14860000.0,142226000.0,630642000.0,46300000.0,46382000.0,47231000.0
