company_name,company_ticker,company_lei,company_cik,year,quarter,start_date,end_date,filing_date,amortizationexpense,basicdilutedeps,basiceps,cashdividendspershare,dilutedeps,impairmentexpense,incometaxexpense,netincome,netincomecontinuing,netincomediscontinued,netincometocommon,netincometononcontrollinginterest,operatingcostofrevenue,operatingrevenue,otheradjustmentstoconsolidatednetincome,otheradjustmentstonetincometocommon,otherincome,otherrevenue,otherspecialcharges,restructuringcharge,sgaexpense,totalcostofrevenue,totalgrossprofit,totalinterestexpense,totaloperatingexpenses,totaloperatingincome,totalotherincome,totalpretaxincome,totalrevenue,weightedavebasicdilutedsharesos,weightedavebasicsharesos,weightedavedilutedsharesos
Time Warner Inc,TWX,KNG3XRAA0RHN9H62OK76,1105705,2007.0,FY,2007-01-01,2007-12-31,2010-02-19 14:21:37+00:00,306000000.0,3.54,3.54,0.705,3.5,34000000.0,859000000.0,4627000000.0,1887000000.0,2740000000.0,4387000000.0,240000000.0,15393000000.0,25278000000.0,,,-9000000.0,933000000.0,-6000000.0,114000000.0,6203000000.0,15393000000.0,10818000000.0,1412000000.0,6651000000.0,4167000000.0,-1421000000.0,2746000000.0,26211000000.0,1239300000.0,1239600000.0,1254000000.0
Time Warner Inc,TWX,KNG3XRAA0RHN9H62OK76,1105705,2008.0,FY,2008-01-01,2008-12-31,2011-02-18 10:11:39+00:00,346000000.0,-11.22,-11.22,0.75,-11.22,7213000000.0,693000000.0,-14649000000.0,-5090000000.0,-9559000000.0,-13398000000.0,-1251000000.0,14911000000.0,25548000000.0,,,7000000.0,886000000.0,3000000.0,327000000.0,6678000000.0,14911000000.0,11523000000.0,1360000000.0,14567000000.0,-3044000000.0,-1353000000.0,-4397000000.0,26434000000.0,1194100000.0,1194200000.0,1194200000.0
Time Warner Inc,TWX,KNG3XRAA0RHN9H62OK76,1105705,2008.0,Q3,2008-07-01,2008-09-30,2009-11-04 08:02:05+00:00,140000000.0,0.89,0.89,0.1875,0.89,39000000.0,487000000.0,1124000000.0,769000000.0,355000000.0,1067000000.0,57000000.0,4103000000.0,7346000000.0,,,29000000.0,233000000.0,3000000.0,20000000.0,1726000000.0,4103000000.0,3476000000.0,321000000.0,1928000000.0,1548000000.0,-292000000.0,1256000000.0,7579000000.0,1198900000.0,1194800000.0,1202100000.0
Time Warner Inc,TWX,KNG3XRAA0RHN9H62OK76,1105705,2008.0,Q2,2008-04-01,2008-06-30,2009-07-29 07:10:46+00:00,129000000.0,0.66,0.66,0.1875,0.66,18000000.0,315000000.0,843000000.0,570000000.0,273000000.0,792000000.0,51000000.0,4342000000.0,7250000000.0,,,9000000.0,219000000.0,0.0,6000000.0,1767000000.0,4342000000.0,3127000000.0,331000000.0,1920000000.0,1207000000.0,-322000000.0,885000000.0,7469000000.0,1200000000.0,1193300000.0,1201100000.0
Time Warner Inc,TWX,KNG3XRAA0RHN9H62OK76,1105705,2009.0,Q4,2009-10-01,2009-12-31,,66000000.0,0.53,0.53,0.19,0.54,33000000.0,307000000.0,632000000.0,611000000.0,21000000.0,631000000.0,1000000.0,4124000000.0,6502000000.0,,,-30000000.0,708000000.0,,120000000.0,1662000000.0,4124000000.0,3086000000.0,257000000.0,1881000000.0,1205000000.0,-287000000.0,918000000.0,7210000000.0,1190900000.0,1184000000.0,1195100000.0
Time Warner Inc,TWX,KNG3XRAA0RHN9H62OK76,1105705,2009.0,FY,2009-01-01,2009-12-31,2012-02-24 10:17:25+00:00,280000000.0,2.08,2.08,0.75,2.07,85000000.0,1153000000.0,2512000000.0,2084000000.0,428000000.0,2477000000.0,35000000.0,14235000000.0,24680000000.0,,,-67000000.0,708000000.0,33000000.0,212000000.0,6073000000.0,14235000000.0,11153000000.0,1166000000.0,6683000000.0,4470000000.0,-1233000000.0,3237000000.0,25388000000.0,1190900000.0,1184000000.0,1195100000.0
Time Warner Inc,TWX,KNG3XRAA0RHN9H62OK76,1105705,2009.0,Q3,2009-07-01,2009-09-30,2010-11-03 07:47:31+00:00,71000000.0,0.56,0.56,0.1875,0.55,52000000.0,320000000.0,663000000.0,582000000.0,81000000.0,662000000.0,1000000.0,3419000000.0,6262000000.0,,,-39000000.0,,0.0,29000000.0,1451000000.0,3419000000.0,2843000000.0,299000000.0,1603000000.0,1240000000.0,-338000000.0,902000000.0,6262000000.0,1182100000.0,1179900000.0,1193300000.0
Time Warner Inc,TWX,KNG3XRAA0RHN9H62OK76,1105705,2009.0,Q3YTD,2009-01-01,2009-09-30,,214000000.0,1.55,1.55,0.56,1.53,52000000.0,846000000.0,1880000000.0,1473000000.0,407000000.0,1846000000.0,34000000.0,10111000000.0,18178000000.0,,,-37000000.0,,33000000.0,92000000.0,4411000000.0,10111000000.0,8067000000.0,909000000.0,4802000000.0,3265000000.0,-946000000.0,2319000000.0,18178000000.0,1182100000.0,1179900000.0,1193300000.0
Time Warner Inc,TWX,KNG3XRAA0RHN9H62OK76,1105705,2009.0,Q2,2009-04-01,2009-06-30,2010-08-04 08:03:43+00:00,66000000.0,0.44,0.44,0.1875,0.43,,299000000.0,529000000.0,429000000.0,100000000.0,524000000.0,5000000.0,3334000000.0,5920000000.0,,,24000000.0,,33000000.0,27000000.0,1459000000.0,3334000000.0,2586000000.0,297000000.0,1585000000.0,1001000000.0,-273000000.0,728000000.0,5920000000.0,1190900000.0,1195200000.0,1205400000.0
Time Warner Inc,TWX,KNG3XRAA0RHN9H62OK76,1105705,2009.0,Q2YTD,2009-01-01,2009-06-30,,143000000.0,0.99,0.99,0.38,0.98,,526000000.0,1217000000.0,891000000.0,326000000.0,1184000000.0,33000000.0,6692000000.0,11916000000.0,,,2000000.0,,33000000.0,63000000.0,2960000000.0,6692000000.0,5224000000.0,610000000.0,3199000000.0,2025000000.0,-608000000.0,1417000000.0,11916000000.0,1190900000.0,1195200000.0,1205400000.0
Time Warner Inc,TWX,KNG3XRAA0RHN9H62OK76,1105705,2009.0,Q1,2009-01-01,2009-03-31,2010-05-05 07:39:31+00:00,77000000.0,0.55,0.55,0.1875,0.55,,227000000.0,688000000.0,462000000.0,226000000.0,660000000.0,28000000.0,3358000000.0,5996000000.0,,,-22000000.0,,0.0,36000000.0,1501000000.0,3358000000.0,2638000000.0,313000000.0,1614000000.0,1024000000.0,-335000000.0,689000000.0,5996000000.0,1200000000.0,1196100000.0,1200300000.0
Time Warner Inc,TWX,KNG3XRAA0RHN9H62OK76,1105705,2010.0,FY,2010-01-01,2010-12-31,2013-02-22 12:35:05+00:00,264000000.0,2.27,2.27,0.85,2.25,20000000.0,1348000000.0,2571000000.0,2571000000.0,,2578000000.0,-7000000.0,15023000000.0,26275000000.0,,,-331000000.0,613000000.0,-70000000.0,97000000.0,6126000000.0,15023000000.0,11865000000.0,1178000000.0,6437000000.0,5428000000.0,-1509000000.0,3919000000.0,26888000000.0,1135700000.0,1128400000.0,1145300000.0
Time Warner Inc,TWX,KNG3XRAA0RHN9H62OK76,1105705,2010.0,Q4,2010-10-01,2010-12-31,,144000000.0,1.32,1.32,0.42,1.3,11000000.0,810000000.0,1491000000.0,1491000000.0,,1494000000.0,-3000000.0,7895000000.0,13521000000.0,,,-7000000.0,613000000.0,-70000000.0,62000000.0,3205000000.0,7895000000.0,6239000000.0,579000000.0,3352000000.0,2887000000.0,-586000000.0,2301000000.0,14134000000.0,1135700000.0,1128400000.0,1145300000.0
Time Warner Inc,TWX,KNG3XRAA0RHN9H62OK76,1105705,2010.0,Q3,2010-07-01,2010-09-30,2011-11-02 12:03:01+00:00,54000000.0,0.46,0.46,0.2125,0.46,9000000.0,221000000.0,520000000.0,520000000.0,,522000000.0,-2000000.0,3529000000.0,6377000000.0,,,-307000000.0,,0.0,29000000.0,1409000000.0,3529000000.0,2848000000.0,299000000.0,1501000000.0,1347000000.0,-606000000.0,741000000.0,6377000000.0,1134800000.0,1121000000.0,1138000000.0
Time Warner Inc,TWX,KNG3XRAA0RHN9H62OK76,1105705,2010.0,Q3YTD,2010-01-01,2010-09-30,,120000000.0,0.95,0.95,0.43,0.95,9000000.0,538000000.0,1080000000.0,1080000000.0,,1084000000.0,-4000000.0,7128000000.0,12754000000.0,,,-324000000.0,,,35000000.0,2921000000.0,7128000000.0,5626000000.0,599000000.0,3085000000.0,2541000000.0,-923000000.0,1618000000.0,12754000000.0,1134800000.0,1121000000.0,1138000000.0
Time Warner Inc,TWX,KNG3XRAA0RHN9H62OK76,1105705,2010.0,Q3TTM,2009-10-01,2010-09-30,,186000000.0,1.48,1.48,0.61,1.49,42000000.0,845000000.0,1712000000.0,1691000000.0,21000000.0,1715000000.0,-3000000.0,11252000000.0,19256000000.0,,,-354000000.0,708000000.0,,155000000.0,4583000000.0,11252000000.0,8712000000.0,856000000.0,4966000000.0,3746000000.0,-1210000000.0,2536000000.0,19964000000.0,1134800000.0,1121000000.0,1138000000.0
Time Warner Inc,TWX,KNG3XRAA0RHN9H62OK76,1105705,2010.0,Q2,2010-04-01,2010-06-30,2011-08-03 12:12:31+00:00,66000000.0,0.49,0.49,0.2125,0.49,0.0,317000000.0,560000000.0,560000000.0,,562000000.0,-2000000.0,3599000000.0,6377000000.0,,,-17000000.0,,0.0,6000000.0,1512000000.0,3599000000.0,2778000000.0,300000000.0,1584000000.0,1194000000.0,-317000000.0,877000000.0,6377000000.0,1146900000.0,1136500000.0,1153800000.0
Time Warner Inc,TWX,KNG3XRAA0RHN9H62OK76,1105705,2010.0,Q2YTD,2010-01-01,2010-06-30,,66000000.0,0.49,0.49,0.21,0.49,,317000000.0,560000000.0,560000000.0,,562000000.0,-2000000.0,3599000000.0,6377000000.0,,,-17000000.0,,,6000000.0,1512000000.0,3599000000.0,2778000000.0,300000000.0,1584000000.0,1194000000.0,-317000000.0,877000000.0,6377000000.0,1146900000.0,1136500000.0,1153800000.0
Time Warner Inc,TWX,KNG3XRAA0RHN9H62OK76,1105705,2010.0,Q2TTM,2009-07-01,2010-06-30,,203000000.0,1.58,1.58,0.59,1.58,85000000.0,944000000.0,1855000000.0,1753000000.0,102000000.0,1855000000.0,,11142000000.0,19141000000.0,,,-86000000.0,708000000.0,,155000000.0,4625000000.0,11142000000.0,8707000000.0,856000000.0,5068000000.0,3639000000.0,-942000000.0,2697000000.0,19849000000.0,1146900000.0,1136500000.0,1153800000.0
Time Warner Inc,TWX,KNG3XRAA0RHN9H62OK76,1105705,2010.0,Q1TTM,2009-04-01,2010-03-31,,203000000.0,1.53,1.53,0.56,1.52,85000000.0,926000000.0,1824000000.0,1622000000.0,202000000.0,1817000000.0,7000000.0,10877000000.0,18684000000.0,,,-45000000.0,708000000.0,33000000.0,176000000.0,4572000000.0,10877000000.0,8515000000.0,853000000.0,5069000000.0,3446000000.0,-898000000.0,2548000000.0,19392000000.0,,,
Time Warner Inc,TWX,KNG3XRAA0RHN9H62OK76,1105705,2011.0,Q4,2011-10-01,2011-12-31,,67000000.0,0.76,0.76,0.24,0.75,29000000.0,402000000.0,772000000.0,772000000.0,,773000000.0,-1000000.0,4732000000.0,7493000000.0,,,-187000000.0,700000000.0,-1000000.0,29000000.0,1664000000.0,4732000000.0,3461000000.0,312000000.0,1788000000.0,1673000000.0,-499000000.0,1174000000.0,8193000000.0,1053300000.0,1046200000.0,1064500000.0
Time Warner Inc,TWX,KNG3XRAA0RHN9H62OK76,1105705,2011.0,FY,2011-01-01,2011-12-31,2014-02-26 12:14:36+00:00,269000000.0,2.74,2.74,0.94,2.71,44000000.0,1477000000.0,2882000000.0,2882000000.0,0.0,2886000000.0,-4000000.0,16311000000.0,28274000000.0,,,-236000000.0,700000000.0,-7000000.0,113000000.0,6439000000.0,16311000000.0,12663000000.0,1210000000.0,6858000000.0,5805000000.0,-1446000000.0,4359000000.0,28974000000.0,1053300000.0,1046200000.0,1064500000.0
Time Warner Inc,TWX,KNG3XRAA0RHN9H62OK76,1105705,2011.0,Q3YTD,2011-01-01,2011-09-30,,202000000.0,1.98,1.98,0.71,1.96,15000000.0,1075000000.0,2110000000.0,2110000000.0,,2113000000.0,-3000000.0,11579000000.0,20781000000.0,,,-49000000.0,,-6000000.0,84000000.0,4775000000.0,11579000000.0,9202000000.0,898000000.0,5070000000.0,4132000000.0,-947000000.0,3185000000.0,20781000000.0,1040500000.0,1036400000.0,1053300000.0
Time Warner Inc,TWX,KNG3XRAA0RHN9H62OK76,1105705,2011.0,Q3TTM,2010-10-01,2011-09-30,,346000000.0,3.3,3.3,1.13,3.26,26000000.0,1885000000.0,3601000000.0,3601000000.0,,3607000000.0,-6000000.0,19474000000.0,34302000000.0,,,-56000000.0,613000000.0,-76000000.0,146000000.0,7980000000.0,19474000000.0,15441000000.0,1477000000.0,8422000000.0,7019000000.0,-1533000000.0,5486000000.0,34915000000.0,1040500000.0,1036400000.0,1053300000.0
Time Warner Inc,TWX,KNG3XRAA0RHN9H62OK76,1105705,2011.0,Q3,2011-07-01,2011-09-30,2012-11-07 12:03:59+00:00,68000000.0,0.79,0.79,0.235,0.78,4000000.0,431000000.0,822000000.0,822000000.0,,822000000.0,0.0,3808000000.0,7068000000.0,,,-33000000.0,,-1000000.0,30000000.0,1563000000.0,3808000000.0,3260000000.0,310000000.0,1664000000.0,1596000000.0,-343000000.0,1253000000.0,7068000000.0,1040500000.0,1036400000.0,1053300000.0
Time Warner Inc,TWX,KNG3XRAA0RHN9H62OK76,1105705,2011.0,Q2YTD,2011-01-01,2011-06-30,,134000000.0,1.19,1.19,0.47,1.18,11000000.0,644000000.0,1288000000.0,1288000000.0,,1291000000.0,-3000000.0,7771000000.0,13713000000.0,,,-16000000.0,,-5000000.0,54000000.0,3212000000.0,7771000000.0,5942000000.0,588000000.0,3406000000.0,2536000000.0,-604000000.0,1932000000.0,13713000000.0,1063300000.0,1065400000.0,1083900000.0
Time Warner Inc,TWX,KNG3XRAA0RHN9H62OK76,1105705,2011.0,Q2TTM,2010-07-01,2011-06-30,,332000000.0,2.97,2.97,1.11,2.94,31000000.0,1675000000.0,3299000000.0,3299000000.0,,3307000000.0,-8000000.0,19195000000.0,33611000000.0,,,-330000000.0,613000000.0,-75000000.0,145000000.0,7826000000.0,19195000000.0,15029000000.0,1466000000.0,8259000000.0,6770000000.0,-1796000000.0,4974000000.0,34224000000.0,1063300000.0,1065400000.0,1083900000.0
Time Warner Inc,TWX,KNG3XRAA0RHN9H62OK76,1105705,2011.0,Q2,2011-04-01,2011-06-30,2012-08-01 12:01:31+00:00,66000000.0,0.6,0.6,0.235,0.59,11000000.0,313000000.0,637000000.0,637000000.0,,638000000.0,-1000000.0,4044000000.0,7030000000.0,,,-2000000.0,,-2000000.0,24000000.0,1621000000.0,4044000000.0,2986000000.0,314000000.0,1720000000.0,1266000000.0,-316000000.0,950000000.0,7030000000.0,1063300000.0,1065400000.0,1083900000.0
Time Warner Inc,TWX,KNG3XRAA0RHN9H62OK76,1105705,2011.0,Q1TTM,2010-04-01,2011-03-31,,332000000.0,2.86,2.86,1.09,2.84,20000000.0,1679000000.0,3222000000.0,3222000000.0,,3231000000.0,-9000000.0,18750000000.0,32958000000.0,,,-345000000.0,613000000.0,-73000000.0,127000000.0,7717000000.0,18750000000.0,14821000000.0,1452000000.0,8123000000.0,6698000000.0,-1797000000.0,4901000000.0,33571000000.0,1106800000.0,1090800000.0,1110100000.0
Time Warner Inc,TWX,KNG3XRAA0RHN9H62OK76,1105705,2011.0,Q1,2011-01-01,2011-03-31,2012-05-02 12:08:25+00:00,68000000.0,0.59,0.59,0.235,0.59,0.0,331000000.0,651000000.0,651000000.0,,653000000.0,-2000000.0,3727000000.0,6683000000.0,,,-14000000.0,,-3000000.0,30000000.0,1591000000.0,3727000000.0,2956000000.0,274000000.0,1686000000.0,1270000000.0,-288000000.0,982000000.0,6683000000.0,1106800000.0,1090800000.0,1110100000.0
Time Warner Inc,TWX,KNG3XRAA0RHN9H62OK76,1105705,2012.0,Q4,2012-10-01,2012-12-31,,34000000.0,1.16,1.16,0.26,1.15,-2000000.0,327000000.0,1110000000.0,848000000.0,259000000.0,1104000000.0,,3077000000.0,4760000000.0,,6000000.0,-127000000.0,,-85000000.0,8000000.0,121000000.0,3077000000.0,1683000000.0,305000000.0,76000000.0,1607000000.0,-432000000.0,1175000000.0,4760000000.0,958000000.0,954400000.0,976300000.0
Time Warner Inc,TWX,KNG3XRAA0RHN9H62OK76,1105705,2012.0,FY,2012-01-01,2012-12-31,2015-02-26 12:23:57+00:00,212000000.0,3.05,3.05,1.04,3.0,180000000.0,1370000000.0,2925000000.0,2663000000.0,259000000.0,2922000000.0,-3000000.0,14575000000.0,25325000000.0,,,-214000000.0,,-45000000.0,92000000.0,4813000000.0,14575000000.0,10750000000.0,1251000000.0,5252000000.0,5498000000.0,-1465000000.0,4033000000.0,25325000000.0,958000000.0,954400000.0,976300000.0
Time Warner Inc,TWX,KNG3XRAA0RHN9H62OK76,1105705,2012.0,Q3YTD,2012-01-01,2012-09-30,,178000000.0,1.89,1.89,0.78,1.85,182000000.0,1043000000.0,1815000000.0,1815000000.0,,1818000000.0,-3000000.0,11498000000.0,20565000000.0,,,-87000000.0,,40000000.0,84000000.0,4692000000.0,11498000000.0,9067000000.0,946000000.0,5176000000.0,3891000000.0,-1033000000.0,2858000000.0,20565000000.0,955800000.0,950400000.0,973900000.0
Time Warner Inc,TWX,KNG3XRAA0RHN9H62OK76,1105705,2012.0,Q3TTM,2011-10-01,2012-09-30,,245000000.0,2.65,2.65,1.02,2.6,211000000.0,1445000000.0,2587000000.0,2587000000.0,,2591000000.0,-4000000.0,16230000000.0,28058000000.0,,,-274000000.0,700000000.0,39000000.0,113000000.0,6356000000.0,16230000000.0,12528000000.0,1258000000.0,6964000000.0,5564000000.0,-1532000000.0,4032000000.0,28758000000.0,955800000.0,950400000.0,973900000.0
Time Warner Inc,TWX,KNG3XRAA0RHN9H62OK76,1105705,2012.0,Q3,2012-07-01,2012-09-30,2013-11-06 12:56:22+00:00,57000000.0,0.86,0.86,0.26,0.84,3000000.0,418000000.0,822000000.0,822000000.0,0.0,822000000.0,0.0,3657000000.0,6842000000.0,,,-23000000.0,,-2000000.0,35000000.0,1511000000.0,3657000000.0,3185000000.0,318000000.0,1604000000.0,1581000000.0,-341000000.0,1240000000.0,6842000000.0,955800000.0,950400000.0,973900000.0
Time Warner Inc,TWX,KNG3XRAA0RHN9H62OK76,1105705,2012.0,Q2YTD,2012-01-01,2012-06-30,,121000000.0,1.03,1.03,0.52,1.01,179000000.0,625000000.0,993000000.0,993000000.0,,996000000.0,-3000000.0,7841000000.0,13723000000.0,,,-64000000.0,,42000000.0,49000000.0,3181000000.0,7841000000.0,5882000000.0,628000000.0,3572000000.0,2310000000.0,-692000000.0,1618000000.0,13723000000.0,960500000.0,956800000.0,974200000.0
Time Warner Inc,TWX,KNG3XRAA0RHN9H62OK76,1105705,2012.0,Q2TTM,2011-07-01,2012-06-30,,256000000.0,2.58,2.58,0.99,2.54,212000000.0,1458000000.0,2587000000.0,2587000000.0,,2591000000.0,-4000000.0,16381000000.0,28284000000.0,,,-284000000.0,700000000.0,40000000.0,108000000.0,6408000000.0,16381000000.0,12603000000.0,1250000000.0,7024000000.0,5579000000.0,-1534000000.0,4045000000.0,28984000000.0,960500000.0,956800000.0,974200000.0
Time Warner Inc,TWX,KNG3XRAA0RHN9H62OK76,1105705,2012.0,Q2,2012-04-01,2012-06-30,2013-08-07 13:00:18+00:00,60000000.0,0.43,0.43,0.26,0.42,127000000.0,279000000.0,412000000.0,412000000.0,,413000000.0,-1000000.0,3865000000.0,6744000000.0,,,-64000000.0,,0.0,23000000.0,1606000000.0,3865000000.0,2879000000.0,308000000.0,1816000000.0,1063000000.0,-372000000.0,691000000.0,6744000000.0,960500000.0,956800000.0,974200000.0
Time Warner Inc,TWX,KNG3XRAA0RHN9H62OK76,1105705,2012.0,Q1TTM,2011-04-01,2012-03-31,,262000000.0,2.75,2.75,0.97,2.71,96000000.0,1492000000.0,2812000000.0,2812000000.0,,2816000000.0,-4000000.0,16560000000.0,28570000000.0,,,-222000000.0,700000000.0,38000000.0,109000000.0,6423000000.0,16560000000.0,12710000000.0,1256000000.0,6928000000.0,5782000000.0,-1478000000.0,4304000000.0,29270000000.0,971700000.0,968300000.0,990100000.0
Time Warner Inc,TWX,KNG3XRAA0RHN9H62OK76,1105705,2012.0,Q1,2012-01-01,2012-03-31,2013-05-01 12:06:23+00:00,61000000.0,0.6,0.6,0.26,0.59,52000000.0,346000000.0,581000000.0,581000000.0,,583000000.0,-2000000.0,3976000000.0,6979000000.0,,,0.0,,42000000.0,26000000.0,1575000000.0,3976000000.0,3003000000.0,320000000.0,1756000000.0,1247000000.0,-320000000.0,927000000.0,6979000000.0,971700000.0,968300000.0,990100000.0
Time Warner Inc,TWX,KNG3XRAA0RHN9H62OK76,1105705,2013.0,FY,2013-01-01,2013-12-31,2016-02-25 14:46:53+00:00,209000000.0,3.99,3.99,1.15,3.92,61000000.0,1614000000.0,3691000000.0,3354000000.0,337000000.0,3691000000.0,0.0,14935000000.0,26461000000.0,,,-111000000.0,,-129000000.0,183000000.0,4934000000.0,14935000000.0,11526000000.0,1189000000.0,5258000000.0,6268000000.0,-1300000000.0,4968000000.0,26461000000.0,925100000.0,920000000.0,942600000.0
Time Warner Inc,TWX,KNG3XRAA0RHN9H62OK76,1105705,2013.0,Q4,2013-10-01,2013-12-31,,48000000.0,1.07,1.07,0.29,1.06,26000000.0,448000000.0,983000000.0,944000000.0,39000000.0,983000000.0,,4119000000.0,6872000000.0,,,-51000000.0,,1000000.0,-2000000.0,938000000.0,4119000000.0,2753000000.0,299000000.0,1011000000.0,1742000000.0,-350000000.0,1392000000.0,6872000000.0,925100000.0,920000000.0,942600000.0
Time Warner Inc,TWX,KNG3XRAA0RHN9H62OK76,1105705,2013.0,Q3YTD,2013-01-01,2013-09-30,,161000000.0,2.92,2.92,0.86,2.86,35000000.0,1166000000.0,2708000000.0,2410000000.0,298000000.0,2708000000.0,,10816000000.0,19589000000.0,,,-60000000.0,,-130000000.0,185000000.0,3996000000.0,10816000000.0,8773000000.0,890000000.0,4247000000.0,4526000000.0,-950000000.0,3576000000.0,19589000000.0,917100000.0,916800000.0,938800000.0
Time Warner Inc,TWX,KNG3XRAA0RHN9H62OK76,1105705,2013.0,Q3TTM,2012-10-01,2013-09-30,,195000000.0,4.08,4.08,1.12,4.01,33000000.0,1493000000.0,3818000000.0,3258000000.0,557000000.0,3812000000.0,,13893000000.0,24349000000.0,,,-187000000.0,,-215000000.0,193000000.0,4117000000.0,13893000000.0,10456000000.0,1195000000.0,4323000000.0,6133000000.0,-1382000000.0,4751000000.0,24349000000.0,917100000.0,916800000.0,938800000.0
Time Warner Inc,TWX,KNG3XRAA0RHN9H62OK76,1105705,2013.0,Q3,2013-07-01,2013-09-30,2014-11-05 12:13:25+00:00,50000000.0,1.29,1.29,0.2875,1.26,5000000.0,451000000.0,1183000000.0,958000000.0,225000000.0,1183000000.0,0.0,3158000000.0,6042000000.0,,,-20000000.0,,-113000000.0,56000000.0,1157000000.0,3158000000.0,2884000000.0,300000000.0,1155000000.0,1729000000.0,-320000000.0,1409000000.0,6042000000.0,917100000.0,916800000.0,938800000.0
Time Warner Inc,TWX,KNG3XRAA0RHN9H62OK76,1105705,2013.0,Q2YTD,2013-01-01,2013-06-30,,111000000.0,1.63,1.63,0.58,1.6,30000000.0,715000000.0,1525000000.0,1452000000.0,73000000.0,1525000000.0,,7658000000.0,13547000000.0,,,-40000000.0,,-17000000.0,129000000.0,2839000000.0,7658000000.0,5889000000.0,590000000.0,3092000000.0,2797000000.0,-630000000.0,2167000000.0,13547000000.0,928900000.0,928600000.0,950800000.0
Time Warner Inc,TWX,KNG3XRAA0RHN9H62OK76,1105705,2013.0,Q2TTM,2012-07-01,2013-06-30,,202000000.0,3.65,3.65,1.1,3.59,31000000.0,1460000000.0,3457000000.0,3122000000.0,332000000.0,3451000000.0,,14392000000.0,25149000000.0,,,-190000000.0,,-104000000.0,172000000.0,4471000000.0,14392000000.0,10757000000.0,1213000000.0,4772000000.0,5985000000.0,-1403000000.0,4582000000.0,25149000000.0,928900000.0,928600000.0,950800000.0
Time Warner Inc,TWX,KNG3XRAA0RHN9H62OK76,1105705,2013.0,Q2,2013-04-01,2013-06-30,2014-08-06 12:08:24+00:00,51000000.0,0.83,0.83,0.2875,0.81,3000000.0,333000000.0,771000000.0,698000000.0,73000000.0,771000000.0,0.0,3908000000.0,6608000000.0,,,-56000000.0,,-9000000.0,49000000.0,1219000000.0,3908000000.0,2700000000.0,300000000.0,1313000000.0,1387000000.0,-356000000.0,1031000000.0,6608000000.0,928900000.0,928600000.0,950800000.0
Time Warner Inc,TWX,KNG3XRAA0RHN9H62OK76,1105705,2013.0,Q1TTM,2012-04-01,2013-03-31,,211000000.0,3.25,3.25,1.07,3.2,155000000.0,1406000000.0,3098000000.0,2836000000.0,259000000.0,3093000000.0,-1000000.0,14349000000.0,25285000000.0,,,-198000000.0,,-95000000.0,146000000.0,4858000000.0,14349000000.0,10936000000.0,1221000000.0,5275000000.0,5661000000.0,-1419000000.0,4242000000.0,25285000000.0,942500000.0,932800000.0,956400000.0
Time Warner Inc,TWX,KNG3XRAA0RHN9H62OK76,1105705,2013.0,Q1,2013-01-01,2013-03-31,2014-04-30 12:04:01+00:00,60000000.0,0.8,0.8,0.2875,0.79,27000000.0,382000000.0,754000000.0,754000000.0,,754000000.0,0.0,3750000000.0,6939000000.0,,,16000000.0,,-8000000.0,80000000.0,1620000000.0,3750000000.0,3189000000.0,290000000.0,1779000000.0,1410000000.0,-274000000.0,1136000000.0,6939000000.0,942500000.0,932800000.0,956400000.0
Time Warner Inc,TWX,KNG3XRAA0RHN9H62OK76,1105705,2014.0,FY,2014-01-01,2014-12-31,2017-02-23 12:00:49+00:00,202000000.0,4.42,4.42,1.27,4.34,69000000.0,785000000.0,3827000000.0,3894000000.0,-67000000.0,3827000000.0,0.0,15875000000.0,27359000000.0,,,-127000000.0,,-464000000.0,512000000.0,5190000000.0,15875000000.0,11484000000.0,1169000000.0,5509000000.0,5975000000.0,-1296000000.0,4679000000.0,27359000000.0,865800000.0,863300000.0,882600000.0
Time Warner Inc,TWX,KNG3XRAA0RHN9H62OK76,1105705,2014.0,Q4,2014-10-01,2014-12-31,,50000000.0,0.87,0.87,0.32,0.86,38000000.0,381000000.0,718000000.0,720000000.0,-1000000.0,718000000.0,,4418000000.0,7525000000.0,,,13000000.0,,-13000000.0,166000000.0,1477000000.0,4418000000.0,3107000000.0,301000000.0,1718000000.0,1389000000.0,-288000000.0,1101000000.0,7525000000.0,865800000.0,863300000.0,882600000.0
Time Warner Inc,TWX,KNG3XRAA0RHN9H62OK76,1105705,2014.0,Q3,2014-07-01,2014-09-30,2015-11-04 12:14:12+00:00,52000000.0,1.13,1.13,0.3175,1.11,5000000.0,-437000000.0,967000000.0,966000000.0,,967000000.0,0.0,3681000000.0,6243000000.0,,,-135000000.0,,5000000.0,303000000.0,1226000000.0,3681000000.0,2562000000.0,307000000.0,1591000000.0,971000000.0,-442000000.0,529000000.0,6243000000.0,855800000.0,850900000.0,870200000.0
Time Warner Inc,TWX,KNG3XRAA0RHN9H62OK76,1105705,2014.0,Q3YTD,2014-01-01,2014-09-30,,152000000.0,3.55,3.55,0.95,3.48,31000000.0,404000000.0,3109000000.0,3174000000.0,-66000000.0,3109000000.0,,11457000000.0,19834000000.0,,,-140000000.0,,-451000000.0,346000000.0,3713000000.0,11457000000.0,8377000000.0,868000000.0,3791000000.0,4586000000.0,-1008000000.0,3578000000.0,19834000000.0,855800000.0,850900000.0,870200000.0
Time Warner Inc,TWX,KNG3XRAA0RHN9H62OK76,1105705,2014.0,Q3TTM,2013-10-01,2014-09-30,,200000000.0,4.62,4.62,1.24,4.54,57000000.0,852000000.0,4092000000.0,4118000000.0,-27000000.0,4092000000.0,,15576000000.0,26706000000.0,,,-191000000.0,,-450000000.0,344000000.0,4651000000.0,15576000000.0,11130000000.0,1167000000.0,4802000000.0,6328000000.0,-1358000000.0,4970000000.0,26706000000.0,855800000.0,850900000.0,870200000.0
Time Warner Inc,TWX,KNG3XRAA0RHN9H62OK76,1105705,2014.0,Q2YTD,2014-01-01,2014-06-30,,100000000.0,2.42,2.42,0.64,2.37,26000000.0,841000000.0,2142000000.0,2208000000.0,-66000000.0,2142000000.0,,7776000000.0,13591000000.0,,,-5000000.0,,-456000000.0,43000000.0,2487000000.0,7776000000.0,5815000000.0,561000000.0,2200000000.0,3615000000.0,-566000000.0,3049000000.0,13591000000.0,876300000.0,874800000.0,894200000.0
Time Warner Inc,TWX,KNG3XRAA0RHN9H62OK76,1105705,2014.0,Q2TTM,2013-07-01,2014-06-30,,198000000.0,4.78,4.78,1.21,4.69,57000000.0,1740000000.0,4308000000.0,4110000000.0,198000000.0,4308000000.0,,15053000000.0,26505000000.0,,,-76000000.0,,-568000000.0,97000000.0,4582000000.0,15053000000.0,11452000000.0,1160000000.0,4366000000.0,7086000000.0,-1236000000.0,5850000000.0,26505000000.0,876300000.0,874800000.0,894200000.0
Time Warner Inc,TWX,KNG3XRAA0RHN9H62OK76,1105705,2014.0,Q2,2014-04-01,2014-06-30,2015-08-05 12:11:44+00:00,50000000.0,0.97,0.97,0.3175,0.95,14000000.0,434000000.0,850000000.0,843000000.0,7000000.0,850000000.0,,3925000000.0,6788000000.0,,,6000000.0,,-2000000.0,17000000.0,1217000000.0,3925000000.0,2863000000.0,296000000.0,1296000000.0,1567000000.0,-290000000.0,1277000000.0,6788000000.0,876300000.0,874800000.0,894200000.0
Time Warner Inc,TWX,KNG3XRAA0RHN9H62OK76,1105705,2014.0,Q1TTM,2013-04-01,2014-03-31,,199000000.0,4.64,4.64,1.18,4.55,46000000.0,1639000000.0,4229000000.0,3965000000.0,264000000.0,4229000000.0,,15036000000.0,26325000000.0,,,-138000000.0,,-575000000.0,129000000.0,4584000000.0,15036000000.0,11289000000.0,1164000000.0,4383000000.0,6906000000.0,-1302000000.0,5604000000.0,26325000000.0,891000000.0,891000000.0,910600000.0
Time Warner Inc,TWX,KNG3XRAA0RHN9H62OK76,1105705,2014.0,Q1,2014-01-01,2014-03-31,2015-04-29 12:41:24+00:00,50000000.0,1.45,1.45,0.3175,1.42,12000000.0,407000000.0,1292000000.0,1365000000.0,-73000000.0,1292000000.0,,3851000000.0,6803000000.0,,,-11000000.0,,-454000000.0,26000000.0,1270000000.0,3851000000.0,2952000000.0,265000000.0,904000000.0,2048000000.0,-276000000.0,1772000000.0,6803000000.0,891000000.0,891000000.0,910600000.0
Time Warner Inc,TWX,KNG3XRAA0RHN9H62OK76,1105705,2015.0,FY,2015-01-01,2015-12-31,2018-02-22 12:46:45+00:00,189000000.0,4.69,4.69,1.4,4.62,25000000.0,1651000000.0,3833000000.0,3795000000.0,,3832000000.0,-1000000.0,16154000000.0,28118000000.0,37000000.0,,-256000000.0,,1000000.0,60000000.0,4824000000.0,16154000000.0,11964000000.0,1163000000.0,5099000000.0,6865000000.0,-1419000000.0,5446000000.0,28118000000.0,817100000.0,814900000.0,829500000.0
Time Warner Inc,TWX,KNG3XRAA0RHN9H62OK76,1105705,2015.0,Q4,2015-10-01,2015-12-31,,51000000.0,1.07,1.07,0.35,1.05,17000000.0,280000000.0,894000000.0,857000000.0,,857000000.0,,4352000000.0,7079000000.0,37000000.0,37000000.0,40000000.0,,,29000000.0,1244000000.0,4352000000.0,2727000000.0,289000000.0,1341000000.0,1386000000.0,-249000000.0,1137000000.0,7079000000.0,817100000.0,814900000.0,829500000.0
Time Warner Inc,TWX,KNG3XRAA0RHN9H62OK76,1105705,2015.0,Q3,2015-07-01,2015-09-30,2016-11-02 12:09:27+00:00,47000000.0,1.27,1.27,0.35,1.26,7000000.0,452000000.0,1035000000.0,1034000000.0,,1034000000.0,-1000000.0,3526000000.0,6564000000.0,,,-54000000.0,,-2000000.0,9000000.0,1143000000.0,3526000000.0,3038000000.0,294000000.0,1204000000.0,1834000000.0,-348000000.0,1486000000.0,6564000000.0,814200000.0,810200000.0,824100000.0
Time Warner Inc,TWX,KNG3XRAA0RHN9H62OK76,1105705,2015.0,Q3YTD,2015-01-01,2015-09-30,,138000000.0,3.62,3.62,1.05,3.57,8000000.0,1371000000.0,2939000000.0,2938000000.0,,2975000000.0,-1000000.0,11802000000.0,21039000000.0,,-37000000.0,-296000000.0,,1000000.0,31000000.0,3580000000.0,11802000000.0,9237000000.0,874000000.0,3758000000.0,5479000000.0,-1170000000.0,4309000000.0,21039000000.0,814200000.0,810200000.0,824100000.0
Time Warner Inc,TWX,KNG3XRAA0RHN9H62OK76,1105705,2015.0,Q3TTM,2014-10-01,2015-09-30,,188000000.0,4.49,4.49,1.37,4.43,46000000.0,1752000000.0,3657000000.0,3658000000.0,-1000000.0,3693000000.0,-1000000.0,16220000000.0,28564000000.0,,-37000000.0,-283000000.0,,-12000000.0,197000000.0,5057000000.0,16220000000.0,12344000000.0,1175000000.0,5476000000.0,6868000000.0,-1458000000.0,5410000000.0,28564000000.0,814200000.0,810200000.0,824100000.0
Time Warner Inc,TWX,KNG3XRAA0RHN9H62OK76,1105705,2015.0,Q2,2015-04-01,2015-06-30,2016-08-03 12:15:58+00:00,43000000.0,1.18,1.18,0.35,1.16,0.0,477000000.0,971000000.0,971000000.0,,971000000.0,0.0,4188000000.0,7348000000.0,,,-125000000.0,,0.0,10000000.0,1248000000.0,4188000000.0,3160000000.0,286000000.0,1301000000.0,1859000000.0,-411000000.0,1448000000.0,7348000000.0,822900000.0,821600000.0,836300000.0
Time Warner Inc,TWX,KNG3XRAA0RHN9H62OK76,1105705,2015.0,Q2YTD,2015-01-01,2015-06-30,,91000000.0,2.35,2.35,0.7,2.31,1000000.0,919000000.0,1904000000.0,1904000000.0,,1941000000.0,,8276000000.0,14475000000.0,,-37000000.0,-242000000.0,,3000000.0,22000000.0,2437000000.0,8276000000.0,6199000000.0,580000000.0,2554000000.0,3645000000.0,-822000000.0,2823000000.0,14475000000.0,822900000.0,821600000.0,836300000.0
Time Warner Inc,TWX,KNG3XRAA0RHN9H62OK76,1105705,2015.0,Q2TTM,2014-07-01,2015-06-30,,193000000.0,4.35,4.35,1.34,4.28,44000000.0,863000000.0,3589000000.0,3590000000.0,-1000000.0,3626000000.0,,16375000000.0,28243000000.0,,-37000000.0,-364000000.0,,-5000000.0,491000000.0,5140000000.0,16375000000.0,11868000000.0,1188000000.0,5863000000.0,6005000000.0,-1552000000.0,4453000000.0,28243000000.0,822900000.0,821600000.0,836300000.0
Time Warner Inc,TWX,KNG3XRAA0RHN9H62OK76,1105705,2015.0,Q1,2015-01-01,2015-03-31,2016-05-04 10:25:27+00:00,48000000.0,1.17,1.17,0.35,1.15,1000000.0,442000000.0,933000000.0,933000000.0,,970000000.0,,4088000000.0,7127000000.0,,-37000000.0,-117000000.0,,3000000.0,12000000.0,1189000000.0,4088000000.0,3039000000.0,294000000.0,1253000000.0,1786000000.0,-411000000.0,1375000000.0,7127000000.0,829100000.0,829400000.0,845900000.0
Time Warner Inc,TWX,KNG3XRAA0RHN9H62OK76,1105705,2015.0,Q1TTM,2014-04-01,2015-03-31,,200000000.0,4.14,4.14,1.3,4.07,58000000.0,820000000.0,3468000000.0,3462000000.0,6000000.0,3505000000.0,,16112000000.0,27683000000.0,,-37000000.0,-233000000.0,,-7000000.0,498000000.0,5109000000.0,16112000000.0,11571000000.0,1198000000.0,5858000000.0,5713000000.0,-1431000000.0,4282000000.0,27683000000.0,829100000.0,829400000.0,845900000.0
Time Warner Inc,TWX,KNG3XRAA0RHN9H62OK76,1105705,2016.0,FY,2016-01-01,2016-12-31,2018-02-22 12:46:45+00:00,190000000.0,5.01,5.01,1.61,4.96,43000000.0,1281000000.0,3926000000.0,3914000000.0,,3925000000.0,-1000000.0,16376000000.0,29318000000.0,11000000.0,,-1191000000.0,,-78000000.0,117000000.0,5123000000.0,16376000000.0,12942000000.0,1161000000.0,5395000000.0,7547000000.0,-2352000000.0,5195000000.0,29318000000.0,783400000.0,780800000.0,792300000.0
Time Warner Inc,TWX,KNG3XRAA0RHN9H62OK76,1105705,2016.0,Q4,2016-10-01,2016-12-31,,47000000.0,0.38,0.38,0.4,0.39,8000000.0,94000000.0,293000000.0,317000000.0,,293000000.0,,4658000000.0,7891000000.0,-24000000.0,,-993000000.0,,-1000000.0,53000000.0,1435000000.0,4658000000.0,3233000000.0,287000000.0,1542000000.0,1691000000.0,-1280000000.0,411000000.0,7891000000.0,783400000.0,780800000.0,792300000.0
Time Warner Inc,TWX,KNG3XRAA0RHN9H62OK76,1105705,2016.0,Q3,2016-07-01,2016-09-30,2017-10-26 11:45:12+00:00,48000000.0,1.89,1.89,0.4025,1.86,30000000.0,217000000.0,1467000000.0,1472000000.0,,1467000000.0,0.0,3873000000.0,7167000000.0,-5000000.0,,-27000000.0,,12000000.0,11000000.0,1179000000.0,3873000000.0,3294000000.0,298000000.0,1280000000.0,2014000000.0,-325000000.0,1689000000.0,7167000000.0,776200000.0,776200000.0,787500000.0
Time Warner Inc,TWX,KNG3XRAA0RHN9H62OK76,1105705,2016.0,Q3YTD,2016-01-01,2016-09-30,,143000000.0,4.63,4.63,1.21,4.57,35000000.0,1187000000.0,3633000000.0,3597000000.0,,3632000000.0,-1000000.0,11718000000.0,21427000000.0,35000000.0,,-198000000.0,,-77000000.0,64000000.0,3688000000.0,11718000000.0,9709000000.0,874000000.0,3853000000.0,5856000000.0,-1072000000.0,4784000000.0,21427000000.0,776200000.0,776200000.0,787500000.0
Time Warner Inc,TWX,KNG3XRAA0RHN9H62OK76,1105705,2016.0,Q3TTM,2015-10-01,2016-09-30,,194000000.0,5.7,5.7,1.56,5.62,52000000.0,1467000000.0,4527000000.0,4454000000.0,,4489000000.0,-1000000.0,16070000000.0,28506000000.0,72000000.0,37000000.0,-158000000.0,,-77000000.0,93000000.0,4932000000.0,16070000000.0,12436000000.0,1163000000.0,5194000000.0,7242000000.0,-1321000000.0,5921000000.0,28506000000.0,776200000.0,776200000.0,787500000.0
Time Warner Inc,TWX,KNG3XRAA0RHN9H62OK76,1105705,2016.0,Q2,2016-04-01,2016-06-30,2017-08-02 11:41:55+00:00,47000000.0,1.21,1.21,0.4025,1.2,2000000.0,472000000.0,952000000.0,951000000.0,,951000000.0,-1000000.0,3840000000.0,6952000000.0,0.0,,-131000000.0,,-89000000.0,48000000.0,1258000000.0,3840000000.0,3112000000.0,292000000.0,1266000000.0,1846000000.0,-423000000.0,1423000000.0,6952000000.0,786000000.0,784500000.0,795400000.0
Time Warner Inc,TWX,KNG3XRAA0RHN9H62OK76,1105705,2016.0,Q2YTD,2016-01-01,2016-06-30,,95000000.0,2.74,2.74,0.81,2.71,5000000.0,970000000.0,2166000000.0,2125000000.0,,2165000000.0,-1000000.0,7845000000.0,14260000000.0,40000000.0,,-171000000.0,,-89000000.0,53000000.0,2509000000.0,7845000000.0,6415000000.0,576000000.0,2573000000.0,3842000000.0,-747000000.0,3095000000.0,14260000000.0,786000000.0,784500000.0,795400000.0
Time Warner Inc,TWX,KNG3XRAA0RHN9H62OK76,1105705,2016.0,Q2TTM,2015-07-01,2016-06-30,,193000000.0,5.08,5.08,1.51,5.02,29000000.0,1702000000.0,4095000000.0,4016000000.0,,4056000000.0,-2000000.0,15723000000.0,27903000000.0,77000000.0,37000000.0,-185000000.0,,-91000000.0,91000000.0,4896000000.0,15723000000.0,12180000000.0,1159000000.0,5118000000.0,7062000000.0,-1344000000.0,5718000000.0,27903000000.0,786000000.0,784500000.0,795400000.0
Time Warner Inc,TWX,KNG3XRAA0RHN9H62OK76,1105705,2016.0,Q1,2016-01-01,2016-03-31,2017-05-03 12:13:21+00:00,48000000.0,1.53,1.53,0.4025,1.51,3000000.0,498000000.0,1214000000.0,1174000000.0,,1214000000.0,0.0,4005000000.0,7308000000.0,40000000.0,,-40000000.0,,0.0,5000000.0,1251000000.0,4005000000.0,3303000000.0,284000000.0,1307000000.0,1996000000.0,-324000000.0,1672000000.0,7308000000.0,793500000.0,790700000.0,802300000.0
Time Warner Inc,TWX,KNG3XRAA0RHN9H62OK76,1105705,2016.0,Q1TTM,2015-04-01,2016-03-31,,189000000.0,5.05,5.05,1.45,4.98,27000000.0,1707000000.0,4114000000.0,4036000000.0,,4076000000.0,-1000000.0,16071000000.0,28299000000.0,77000000.0,37000000.0,-179000000.0,,-2000000.0,53000000.0,4886000000.0,16071000000.0,12228000000.0,1153000000.0,5153000000.0,7075000000.0,-1332000000.0,5743000000.0,28299000000.0,793500000.0,790700000.0,802300000.0
Time Warner Inc,TWX,KNG3XRAA0RHN9H62OK76,1105705,2017.0,Q4,2017-10-01,2017-12-31,,61000000.0,1.76,1.76,0.4,1.77,5000000.0,-771000000.0,1389000000.0,1388000000.0,,1388000000.0,-1000000.0,5182000000.0,8611000000.0,,,-1043000000.0,,2000000.0,97000000.0,1361000000.0,5182000000.0,3429000000.0,243000000.0,1526000000.0,1903000000.0,-1286000000.0,617000000.0,8611000000.0,779200000.0,776600000.0,790700000.0
Time Warner Inc,TWX,KNG3XRAA0RHN9H62OK76,1105705,2017.0,FY,2017-01-01,2017-12-31,2018-02-22 12:46:45+00:00,197000000.0,6.73,6.73,2.0125,6.64,16000000.0,701000000.0,5247000000.0,5244000000.0,,5244000000.0,-3000000.0,17647000000.0,31271000000.0,0.0,,-970000000.0,,-67000000.0,120000000.0,5438000000.0,17647000000.0,13624000000.0,1005000000.0,5704000000.0,7920000000.0,-1975000000.0,5945000000.0,31271000000.0,779200000.0,776600000.0,790700000.0
Time Warner Inc,TWX,KNG3XRAA0RHN9H62OK76,1105705,2017.0,Q3YTD,2017-01-01,2017-09-30,,136000000.0,4.97,4.97,1.61,4.87,11000000.0,1472000000.0,3858000000.0,3856000000.0,,3856000000.0,-2000000.0,12465000000.0,22660000000.0,,,73000000.0,,-69000000.0,23000000.0,4077000000.0,12465000000.0,10195000000.0,762000000.0,4178000000.0,6017000000.0,-689000000.0,5328000000.0,22660000000.0,779000000.0,778000000.0,791700000.0
Time Warner Inc,TWX,KNG3XRAA0RHN9H62OK76,1105705,2017.0,Q3TTM,2016-10-01,2017-09-30,,183000000.0,5.35,5.35,2.01,5.26,19000000.0,1566000000.0,4151000000.0,4173000000.0,,4149000000.0,-2000000.0,17123000000.0,30551000000.0,-24000000.0,,-920000000.0,,-70000000.0,76000000.0,5512000000.0,17123000000.0,13428000000.0,1049000000.0,5720000000.0,7708000000.0,-1969000000.0,5739000000.0,30551000000.0,779000000.0,778000000.0,791700000.0
Time Warner Inc,TWX,KNG3XRAA0RHN9H62OK76,1105705,2017.0,Q3,2017-07-01,2017-09-30,2017-10-26 11:45:12+00:00,45000000.0,1.76,1.76,0.4025,1.73,9000000.0,550000000.0,1372000000.0,1371000000.0,,1371000000.0,-1000000.0,3928000000.0,7595000000.0,0.0,,-70000000.0,,-13000000.0,3000000.0,1378000000.0,3928000000.0,3667000000.0,254000000.0,1422000000.0,2245000000.0,-324000000.0,1921000000.0,7595000000.0,779000000.0,778000000.0,791700000.0
Time Warner Inc,TWX,KNG3XRAA0RHN9H62OK76,1105705,2017.0,Q2YTD,2017-01-01,2017-06-30,,91000000.0,3.21,3.21,1.21,3.14,2000000.0,922000000.0,2486000000.0,2485000000.0,,2485000000.0,-1000000.0,8537000000.0,15065000000.0,,,143000000.0,,-56000000.0,20000000.0,2699000000.0,8537000000.0,6528000000.0,508000000.0,2756000000.0,3772000000.0,-365000000.0,3407000000.0,15065000000.0,775200000.0,775800000.0,790000000.0
Time Warner Inc,TWX,KNG3XRAA0RHN9H62OK76,1105705,2017.0,Q2TTM,2016-07-01,2017-06-30,,186000000.0,5.48,5.48,2.01,5.39,40000000.0,1233000000.0,4246000000.0,4274000000.0,,4245000000.0,-1000000.0,17068000000.0,30123000000.0,-29000000.0,,-877000000.0,,-45000000.0,84000000.0,5313000000.0,17068000000.0,13055000000.0,1093000000.0,5578000000.0,7477000000.0,-1970000000.0,5507000000.0,30123000000.0,775200000.0,775800000.0,790000000.0
Time Warner Inc,TWX,KNG3XRAA0RHN9H62OK76,1105705,2017.0,Q2,2017-04-01,2017-06-30,2017-08-02 11:41:55+00:00,46000000.0,1.37,1.37,0.805,1.34,1000000.0,452000000.0,1062000000.0,1062000000.0,,1062000000.0,0.0,4205000000.0,7330000000.0,0.0,,71000000.0,,-49000000.0,8000000.0,1427000000.0,4205000000.0,3125000000.0,249000000.0,1433000000.0,1692000000.0,-178000000.0,1514000000.0,7330000000.0,775200000.0,775800000.0,790000000.0
Time Warner Inc,TWX,KNG3XRAA0RHN9H62OK76,1105705,2017.0,Q1,2017-01-01,2017-03-31,2018-04-26 13:36:18+00:00,45000000.0,1.84,1.84,0.4025,1.8,1000000.0,470000000.0,1424000000.0,1423000000.0,,1423000000.0,-1000000.0,4332000000.0,7735000000.0,,,72000000.0,,-7000000.0,12000000.0,1272000000.0,4332000000.0,3403000000.0,259000000.0,1323000000.0,2080000000.0,-187000000.0,1893000000.0,7735000000.0,773400000.0,773600000.0,789300000.0
Time Warner Inc,TWX,KNG3XRAA0RHN9H62OK76,1105705,2017.0,Q1TTM,2016-04-01,2017-03-31,,187000000.0,5.32,5.32,1.61,5.25,41000000.0,1253000000.0,4136000000.0,4163000000.0,,4134000000.0,-2000000.0,16703000000.0,29745000000.0,-29000000.0,,-1079000000.0,,-85000000.0,124000000.0,5144000000.0,16703000000.0,13042000000.0,1136000000.0,5411000000.0,7631000000.0,-2215000000.0,5416000000.0,29745000000.0,773400000.0,773600000.0,789300000.0
Time Warner Inc,TWX,KNG3XRAA0RHN9H62OK76,1105705,2018.0,Q1TTM,2017-04-01,2018-03-31,,195000000.0,6.99,6.99,2.01,6.91,15000000.0,99000000.0,5466000000.0,5463000000.0,,5463000000.0,-3000000.0,18032000000.0,31532000000.0,,,-1136000000.0,,-37000000.0,108000000.0,5568000000.0,18032000000.0,13500000000.0,953000000.0,5849000000.0,7651000000.0,-2089000000.0,5562000000.0,31532000000.0,781900000.0,780900000.0,792000000.0
Time Warner Inc,TWX,KNG3XRAA0RHN9H62OK76,1105705,2018.0,Q1,2018-01-01,2018-03-31,2018-04-26 13:36:18+00:00,43000000.0,2.1,2.1,0.4025,2.07,0.0,-132000000.0,1643000000.0,1642000000.0,,1642000000.0,-1000000.0,4717000000.0,7996000000.0,,,-94000000.0,,23000000.0,0.0,1402000000.0,4717000000.0,3279000000.0,207000000.0,1468000000.0,1811000000.0,-301000000.0,1510000000.0,7996000000.0,781900000.0,780900000.0,792000000.0
