company_name,company_ticker,company_lei,company_cik,year,quarter,start_date,end_date,filing_date,basicdilutedeps,basiceps,dilutedeps,incometaxexpense,netincome,netincomecontinuing,netincometocommon,operatingcostofrevenue,operatingrevenue,otherincome,otheroperatingexpenses,otherspecialcharges,rdexpense,restructuringcharge,sgaexpense,totalcostofrevenue,totalgrossprofit,totalinterestexpense,totalinterestincome,totaloperatingexpenses,totaloperatingincome,totalotherincome,totalpretaxincome,totalrevenue,weightedavebasicdilutedsharesos,weightedavebasicsharesos,weightedavedilutedsharesos
Edwards Lifesciences Corp,EW,YA13X31F3V31L8TMPR58,1099800,2008.0,FY,2008-01-01,2008-12-31,2011-02-28 17:01:48+00:00,1.15,1.15,1.1,35500000.0,128900000.0,128900000.0,128900000.0,419600000.0,1237700000.0,-7700000.0,,25100000.0,139200000.0,,480600000.0,419600000.0,818100000.0,7200000.0,6100000.0,644900000.0,173200000.0,-8800000.0,164400000.0,1237700000.0,112100000.0,111700000.0,119200000.0
Edwards Lifesciences Corp,EW,YA13X31F3V31L8TMPR58,1099800,2009.0,FY,2009-01-01,2009-12-31,2012-02-27 16:28:20+00:00,2.04,2.04,1.95,75300000.0,229100000.0,229100000.0,229100000.0,399100000.0,1321400000.0,3700000.0,,-63800000.0,175500000.0,,508800000.0,399100000.0,922300000.0,2700000.0,1600000.0,620500000.0,301800000.0,2600000.0,304400000.0,1321400000.0,112300000.0,112500000.0,117500000.0
Edwards Lifesciences Corp,EW,YA13X31F3V31L8TMPR58,1099800,2009.0,Q3,2009-07-01,2009-09-30,2010-11-08 16:52:23+00:00,0.65,0.65,0.63,20700000.0,73500000.0,73500000.0,73500000.0,98500000.0,325700000.0,200000.0,,-38200000.0,44700000.0,,126100000.0,98500000.0,227200000.0,600000.0,,132600000.0,94600000.0,-400000.0,94200000.0,325700000.0,113100000.0,112700000.0,117500000.0
Edwards Lifesciences Corp,EW,YA13X31F3V31L8TMPR58,1099800,2009.0,Q2,2009-04-01,2009-06-30,2010-08-06 16:17:57+00:00,0.42,0.42,0.41,15300000.0,47500000.0,47500000.0,47500000.0,101900000.0,335500000.0,2000000.0,,1500000.0,42600000.0,,128500000.0,101900000.0,233600000.0,200000.0,,172600000.0,61000000.0,1800000.0,62800000.0,335500000.0,113100000.0,112400000.0,117000000.0
Edwards Lifesciences Corp,EW,YA13X31F3V31L8TMPR58,1099800,2010.0,Q4,2010-10-01,2010-12-31,,0.57,0.57,0.57,5300000.0,64800000.0,64800000.0,64800000.0,113500000.0,392400000.0,-7700000.0,-8100000.0,10500000.0,55900000.0,,142400000.0,113500000.0,278900000.0,2200000.0,1800000.0,200700000.0,78200000.0,-8100000.0,70100000.0,392400000.0,113500000.0,113700000.0,119200000.0
Edwards Lifesciences Corp,EW,YA13X31F3V31L8TMPR58,1099800,2010.0,FY,2010-01-01,2010-12-31,2013-02-28 16:41:02+00:00,1.92,1.92,1.83,50200000.0,218000000.0,218000000.0,218000000.0,408300000.0,1447000000.0,,-8100000.0,22700000.0,204400000.0,,550000000.0,408300000.0,1038700000.0,2400000.0,900000.0,769000000.0,269700000.0,-1500000.0,268200000.0,1447000000.0,113500000.0,113700000.0,119200000.0
Edwards Lifesciences Corp,EW,YA13X31F3V31L8TMPR58,1099800,2010.0,Q3YTD,2010-01-01,2010-09-30,,1.35,1.35,1.35,44900000.0,153200000.0,153200000.0,153200000.0,294800000.0,1054600000.0,7700000.0,,12200000.0,148500000.0,,407600000.0,294800000.0,759800000.0,200000.0,-900000.0,568300000.0,191500000.0,6600000.0,198100000.0,1054600000.0,114300000.0,113600000.0,118900000.0
Edwards Lifesciences Corp,EW,YA13X31F3V31L8TMPR58,1099800,2010.0,Q3,2010-07-01,2010-09-30,2011-11-08 16:11:35+00:00,0.42,0.42,0.4,18200000.0,48000000.0,48000000.0,48000000.0,95800000.0,348900000.0,3100000.0,,3900000.0,52700000.0,,133000000.0,95800000.0,253100000.0,,-400000.0,189600000.0,63500000.0,2700000.0,66200000.0,348900000.0,114300000.0,113600000.0,118900000.0
Edwards Lifesciences Corp,EW,YA13X31F3V31L8TMPR58,1099800,2010.0,Q2YTD,2010-01-01,2010-06-30,,0.93,0.93,0.93,26700000.0,105200000.0,105200000.0,105200000.0,199000000.0,705700000.0,4600000.0,,8300000.0,95800000.0,,274600000.0,199000000.0,506700000.0,200000.0,-500000.0,378700000.0,128000000.0,3900000.0,131900000.0,705700000.0,112700000.0,113400000.0,118800000.0
Edwards Lifesciences Corp,EW,YA13X31F3V31L8TMPR58,1099800,2010.0,Q2,2010-04-01,2010-06-30,2011-08-08 17:12:28+00:00,0.51,0.51,0.48,8900000.0,57500000.0,57500000.0,57500000.0,100400000.0,365200000.0,1600000.0,,8300000.0,50600000.0,,140600000.0,100400000.0,264800000.0,,-500000.0,199500000.0,65300000.0,1100000.0,66400000.0,365200000.0,112700000.0,113400000.0,118800000.0
Edwards Lifesciences Corp,EW,YA13X31F3V31L8TMPR58,1099800,2010.0,Q1,2010-01-01,2010-03-31,2011-05-09 16:10:54+00:00,0.42,0.42,0.4,17800000.0,47700000.0,47700000.0,47700000.0,98600000.0,340500000.0,3000000.0,,,45200000.0,,134000000.0,98600000.0,241900000.0,200000.0,,179200000.0,62700000.0,2800000.0,65500000.0,340500000.0,113600000.0,113200000.0,119000000.0
Edwards Lifesciences Corp,EW,YA13X31F3V31L8TMPR58,1099800,2011.0,Q4,2011-10-01,2011-12-31,,0.55,0.55,0.55,5500000.0,63100000.0,63100000.0,63100000.0,119600000.0,430200000.0,-5100000.0,-4800000.0,17600000.0,60700000.0,,163400000.0,119600000.0,310600000.0,3100000.0,3100000.0,236900000.0,73700000.0,-5100000.0,68600000.0,430200000.0,114300000.0,114600000.0,119400000.0
Edwards Lifesciences Corp,EW,YA13X31F3V31L8TMPR58,1099800,2011.0,FY,2011-01-01,2011-12-31,2014-02-28 16:35:10+00:00,2.07,2.07,1.98,46900000.0,236700000.0,236700000.0,236700000.0,489800000.0,1678600000.0,,-4800000.0,21600000.0,246300000.0,,642400000.0,489800000.0,1188800000.0,3100000.0,3400000.0,905500000.0,283300000.0,300000.0,283600000.0,1678600000.0,114300000.0,114600000.0,119400000.0
Edwards Lifesciences Corp,EW,YA13X31F3V31L8TMPR58,1099800,2011.0,Q3YTD,2011-01-01,2011-09-30,,1.51,1.51,1.51,41400000.0,173600000.0,173600000.0,173600000.0,370200000.0,1248400000.0,5100000.0,,4000000.0,185600000.0,,479000000.0,370200000.0,878200000.0,,300000.0,668600000.0,209600000.0,5400000.0,215000000.0,1248400000.0,114700000.0,114600000.0,119000000.0
Edwards Lifesciences Corp,EW,YA13X31F3V31L8TMPR58,1099800,2011.0,Q3TTM,2010-10-01,2011-09-30,,2.08,2.08,2.08,46700000.0,238400000.0,238400000.0,238400000.0,483700000.0,1640800000.0,-2600000.0,-8100000.0,14500000.0,241500000.0,,621400000.0,483700000.0,1157100000.0,2200000.0,2100000.0,869300000.0,287800000.0,-2700000.0,285100000.0,1640800000.0,114700000.0,114600000.0,119000000.0
Edwards Lifesciences Corp,EW,YA13X31F3V31L8TMPR58,1099800,2011.0,Q3,2011-07-01,2011-09-30,2012-11-06 19:29:53+00:00,0.45,0.45,0.43,6000000.0,51600000.0,51600000.0,51600000.0,125600000.0,412700000.0,-2300000.0,,,61700000.0,,165500000.0,125600000.0,287100000.0,,,227200000.0,59900000.0,-2300000.0,57600000.0,412700000.0,114700000.0,114600000.0,119000000.0
Edwards Lifesciences Corp,EW,YA13X31F3V31L8TMPR58,1099800,2011.0,Q2YTD,2011-01-01,2011-06-30,,1.06,1.06,1.06,35400000.0,122000000.0,122000000.0,122000000.0,244600000.0,835700000.0,7400000.0,,4000000.0,123900000.0,,313500000.0,244600000.0,591100000.0,,300000.0,441400000.0,149700000.0,7700000.0,157400000.0,835700000.0,113900000.0,114800000.0,120000000.0
Edwards Lifesciences Corp,EW,YA13X31F3V31L8TMPR58,1099800,2011.0,Q2TTM,2010-07-01,2011-06-30,,2.05,2.05,2.05,58900000.0,234800000.0,234800000.0,234800000.0,453900000.0,1577000000.0,2800000.0,-8100000.0,18400000.0,232500000.0,,588900000.0,453900000.0,1123100000.0,2200000.0,1700000.0,831700000.0,291400000.0,2300000.0,293700000.0,1577000000.0,113900000.0,114800000.0,120000000.0
Edwards Lifesciences Corp,EW,YA13X31F3V31L8TMPR58,1099800,2011.0,Q2,2011-04-01,2011-06-30,2012-08-06 19:11:29+00:00,0.51,0.51,0.48,14700000.0,58100000.0,58100000.0,58100000.0,127800000.0,431200000.0,1200000.0,,4000000.0,64900000.0,,163200000.0,127800000.0,303400000.0,,300000.0,232100000.0,71300000.0,1500000.0,72800000.0,431200000.0,113900000.0,114800000.0,120000000.0
Edwards Lifesciences Corp,EW,YA13X31F3V31L8TMPR58,1099800,2011.0,Q1TTM,2010-04-01,2011-03-31,,2.04,2.04,2.04,53100000.0,234200000.0,234200000.0,234200000.0,426500000.0,1511000000.0,3200000.0,-8100000.0,22700000.0,218200000.0,,566300000.0,426500000.0,1084500000.0,2200000.0,900000.0,799100000.0,285400000.0,1900000.0,287300000.0,1511000000.0,114100000.0,114900000.0,120500000.0
Edwards Lifesciences Corp,EW,YA13X31F3V31L8TMPR58,1099800,2011.0,Q1,2011-01-01,2011-03-31,2012-05-08 20:42:53+00:00,0.56,0.56,0.53,20700000.0,63900000.0,63900000.0,63900000.0,116800000.0,404500000.0,6200000.0,,,59000000.0,,150300000.0,116800000.0,287700000.0,,,209300000.0,78400000.0,6200000.0,84600000.0,404500000.0,114100000.0,114900000.0,120500000.0
Edwards Lifesciences Corp,EW,YA13X31F3V31L8TMPR58,1099800,2012.0,Q4,2012-10-01,2012-12-31,,0.78,0.78,0.78,29900000.0,89400000.0,89400000.0,89400000.0,122200000.0,510500000.0,,700000.0,23400000.0,74900000.0,,170000000.0,122200000.0,388300000.0,4400000.0,4400000.0,269000000.0,119300000.0,,119300000.0,510500000.0,114300000.0,114900000.0,118300000.0
Edwards Lifesciences Corp,EW,YA13X31F3V31L8TMPR58,1099800,2012.0,FY,2012-01-01,2012-12-31,2015-02-20 16:03:43+00:00,2.55,2.54,2.46,96700000.0,291500000.0,291500000.0,291500000.0,491000000.0,1899600000.0,,1700000.0,30400000.0,291300000.0,,697400000.0,491000000.0,1408600000.0,4400000.0,4800000.0,1020800000.0,387800000.0,400000.0,388200000.0,1899600000.0,114300000.0,114900000.0,118300000.0
Edwards Lifesciences Corp,EW,YA13X31F3V31L8TMPR58,1099800,2012.0,Q3YTD,2012-01-01,2012-09-30,,1.75,1.75,1.75,66800000.0,202100000.0,202100000.0,202100000.0,368800000.0,1389100000.0,,1000000.0,7000000.0,216400000.0,,527400000.0,368800000.0,1020300000.0,,400000.0,751800000.0,268500000.0,400000.0,268900000.0,1389100000.0,115300000.0,115700000.0,119000000.0
Edwards Lifesciences Corp,EW,YA13X31F3V31L8TMPR58,1099800,2012.0,Q3TTM,2011-10-01,2012-09-30,,2.29,2.29,2.29,72300000.0,265200000.0,265200000.0,265200000.0,488400000.0,1819300000.0,-5100000.0,-3800000.0,24600000.0,277100000.0,,690800000.0,488400000.0,1330900000.0,3100000.0,3500000.0,988700000.0,342200000.0,-4700000.0,337500000.0,1819300000.0,115300000.0,115700000.0,119000000.0
Edwards Lifesciences Corp,EW,YA13X31F3V31L8TMPR58,1099800,2012.0,Q3,2012-07-01,2012-09-30,2013-11-07 17:02:24+00:00,0.6,0.6,0.58,24200000.0,69200000.0,69200000.0,69200000.0,111700000.0,447900000.0,,1500000.0,,73800000.0,,167800000.0,111700000.0,336200000.0,,300000.0,243100000.0,93100000.0,300000.0,93400000.0,447900000.0,115300000.0,115700000.0,119000000.0
Edwards Lifesciences Corp,EW,YA13X31F3V31L8TMPR58,1099800,2012.0,Q2YTD,2012-01-01,2012-06-30,,1.16,1.16,1.16,42600000.0,132900000.0,132900000.0,132900000.0,257100000.0,941200000.0,,-500000.0,7000000.0,142600000.0,,359600000.0,257100000.0,684100000.0,,100000.0,508700000.0,175400000.0,100000.0,175500000.0,941200000.0,114900000.0,114900000.0,118400000.0
Edwards Lifesciences Corp,EW,YA13X31F3V31L8TMPR58,1099800,2012.0,Q2TTM,2011-07-01,2012-06-30,,2.15,2.15,2.15,54100000.0,247600000.0,247600000.0,247600000.0,502300000.0,1784100000.0,-7400000.0,-5300000.0,24600000.0,265000000.0,,688500000.0,502300000.0,1281800000.0,3100000.0,3200000.0,972800000.0,309000000.0,-7300000.0,301700000.0,1784100000.0,114900000.0,114900000.0,118400000.0
Edwards Lifesciences Corp,EW,YA13X31F3V31L8TMPR58,1099800,2012.0,Q2,2012-04-01,2012-06-30,2013-08-06 17:00:47+00:00,0.59,0.59,0.57,22100000.0,67800000.0,67800000.0,67800000.0,129800000.0,482000000.0,,-1000000.0,7000000.0,74000000.0,,182400000.0,129800000.0,352200000.0,,100000.0,262400000.0,89800000.0,100000.0,89900000.0,482000000.0,114900000.0,114900000.0,118400000.0
Edwards Lifesciences Corp,EW,YA13X31F3V31L8TMPR58,1099800,2012.0,Q1TTM,2011-04-01,2012-03-31,,2.09,2.09,2.09,46700000.0,237900000.0,237900000.0,237900000.0,500300000.0,1733300000.0,-6200000.0,-4300000.0,21600000.0,255900000.0,,669300000.0,500300000.0,1233000000.0,3100000.0,3400000.0,942500000.0,290500000.0,-5900000.0,284600000.0,1733300000.0,114200000.0,114000000.0,118000000.0
Edwards Lifesciences Corp,EW,YA13X31F3V31L8TMPR58,1099800,2012.0,Q1,2012-01-01,2012-03-31,2013-05-06 16:46:51+00:00,0.57,0.57,0.55,20500000.0,65100000.0,65100000.0,65100000.0,127300000.0,459200000.0,,500000.0,,68600000.0,,177200000.0,127300000.0,331900000.0,,,246300000.0,85600000.0,,85600000.0,459200000.0,114200000.0,114000000.0,118000000.0
Edwards Lifesciences Corp,EW,YA13X31F3V31L8TMPR58,1099800,2013.0,FY,2013-01-01,2013-12-31,2016-02-19 16:17:10+00:00,1.74,1.74,1.71,122100000.0,389100000.0,389100000.0,389100000.0,516600000.0,2045500000.0,,1300000.0,-45200000.0,323000000.0,,733400000.0,516600000.0,1528900000.0,9800000.0,4600000.0,1012500000.0,516400000.0,-5200000.0,511200000.0,2045500000.0,223600000.0,223400000.0,227600000.0
Edwards Lifesciences Corp,EW,YA13X31F3V31L8TMPR58,1099800,2013.0,Q4,2013-10-01,2013-12-31,,0.34,0.34,0.34,25200000.0,75100000.0,75100000.0,75100000.0,143800000.0,536000000.0,,-400000.0,23100000.0,78600000.0,,186600000.0,143800000.0,392200000.0,9800000.0,5800000.0,287900000.0,104300000.0,-4000000.0,100300000.0,536000000.0,223600000.0,223400000.0,227600000.0
Edwards Lifesciences Corp,EW,YA13X31F3V31L8TMPR58,1099800,2013.0,Q3YTD,2013-01-01,2013-09-30,,2.83,2.83,2.83,96900000.0,314000000.0,314000000.0,314000000.0,372800000.0,1509500000.0,,1700000.0,-68300000.0,244400000.0,,546800000.0,372800000.0,1136700000.0,,-1200000.0,724600000.0,412100000.0,-1200000.0,410900000.0,1509500000.0,111300000.0,111000000.0,112900000.0
Edwards Lifesciences Corp,EW,YA13X31F3V31L8TMPR58,1099800,2013.0,Q3TTM,2012-10-01,2013-09-30,,3.63,3.63,3.63,126800000.0,403400000.0,403400000.0,403400000.0,495000000.0,2020000000.0,,2400000.0,-44900000.0,319300000.0,,716800000.0,495000000.0,1525000000.0,4400000.0,3200000.0,993600000.0,531400000.0,-1200000.0,530200000.0,2020000000.0,111300000.0,111000000.0,112900000.0
Edwards Lifesciences Corp,EW,YA13X31F3V31L8TMPR58,1099800,2013.0,Q3,2013-07-01,2013-09-30,2014-10-31 16:06:09+00:00,0.69,0.69,0.68,23000000.0,76800000.0,76800000.0,76800000.0,128200000.0,495600000.0,,400000.0,4300000.0,84100000.0,,177800000.0,128200000.0,367400000.0,,-1000000.0,266600000.0,100800000.0,-1000000.0,99800000.0,495600000.0,111300000.0,111000000.0,112900000.0
Edwards Lifesciences Corp,EW,YA13X31F3V31L8TMPR58,1099800,2013.0,Q2YTD,2013-01-01,2013-06-30,,2.11,2.11,2.11,73900000.0,237200000.0,237200000.0,237200000.0,244600000.0,1013900000.0,,1300000.0,-72600000.0,160300000.0,,369000000.0,244600000.0,769300000.0,,-200000.0,458000000.0,311300000.0,-200000.0,311100000.0,1013900000.0,112400000.0,112600000.0,114700000.0
Edwards Lifesciences Corp,EW,YA13X31F3V31L8TMPR58,1099800,2013.0,Q2TTM,2012-07-01,2013-06-30,,3.52,3.52,3.52,128000000.0,395800000.0,395800000.0,395800000.0,478500000.0,1972300000.0,,3500000.0,-49200000.0,309000000.0,,706800000.0,478500000.0,1493800000.0,4400000.0,4500000.0,970100000.0,523700000.0,100000.0,523800000.0,1972300000.0,112400000.0,112600000.0,114700000.0
Edwards Lifesciences Corp,EW,YA13X31F3V31L8TMPR58,1099800,2013.0,Q2,2013-04-01,2013-06-30,2014-08-04 16:04:18+00:00,0.83,0.83,0.81,27200000.0,93300000.0,93300000.0,93300000.0,123600000.0,517200000.0,,100000.0,5500000.0,80500000.0,,186600000.0,123600000.0,393600000.0,,-400000.0,272700000.0,120900000.0,-400000.0,120500000.0,517200000.0,112400000.0,112600000.0,114700000.0
Edwards Lifesciences Corp,EW,YA13X31F3V31L8TMPR58,1099800,2013.0,Q1TTM,2012-04-01,2013-03-31,,3.25,3.25,3.25,122900000.0,370300000.0,370300000.0,370300000.0,484700000.0,1937100000.0,,2400000.0,-47700000.0,302500000.0,,702600000.0,484700000.0,1452400000.0,4400000.0,5000000.0,959800000.0,492600000.0,600000.0,493200000.0,1937100000.0,113300000.0,113900000.0,116500000.0
Edwards Lifesciences Corp,EW,YA13X31F3V31L8TMPR58,1099800,2013.0,Q1,2013-01-01,2013-03-31,2014-05-02 16:06:26+00:00,1.27,1.26,1.24,46700000.0,143900000.0,143900000.0,143900000.0,121000000.0,496700000.0,,1200000.0,-78100000.0,79800000.0,,182400000.0,121000000.0,375700000.0,,200000.0,185300000.0,190400000.0,200000.0,190600000.0,496700000.0,113300000.0,113900000.0,116500000.0
Edwards Lifesciences Corp,EW,YA13X31F3V31L8TMPR58,1099800,2014.0,FY,2014-01-01,2014-12-31,2017-02-17 17:01:03+00:00,3.81,3.81,3.74,332900000.0,811100000.0,811100000.0,811100000.0,625600000.0,2322900000.0,-7700000.0,,-669700000.0,346500000.0,,858000000.0,625600000.0,1697300000.0,17200000.0,6400000.0,534800000.0,1162500000.0,-18500000.0,1144000000.0,2322900000.0,212900000.0,213000000.0,217000000.0
Edwards Lifesciences Corp,EW,YA13X31F3V31L8TMPR58,1099800,2014.0,Q4,2014-10-01,2014-12-31,,0.51,0.51,0.51,23700000.0,109200000.0,109200000.0,109200000.0,160400000.0,618000000.0,-7700000.0,-2600000.0,10800000.0,84000000.0,,223100000.0,160400000.0,457600000.0,17200000.0,15500000.0,315300000.0,142300000.0,-9400000.0,132900000.0,618000000.0,212900000.0,213000000.0,217000000.0
Edwards Lifesciences Corp,EW,YA13X31F3V31L8TMPR58,1099800,2014.0,Q3,2014-07-01,2014-09-30,2015-10-28 19:43:27+00:00,0.89,0.89,0.87,26000000.0,94600000.0,94600000.0,94600000.0,168100000.0,607400000.0,,2500000.0,3900000.0,87600000.0,,222200000.0,168100000.0,439300000.0,,-2500000.0,316200000.0,123100000.0,-2500000.0,120600000.0,607400000.0,106300000.0,106400000.0,108400000.0
Edwards Lifesciences Corp,EW,YA13X31F3V31L8TMPR58,1099800,2014.0,Q3YTD,2014-01-01,2014-09-30,,6.6,6.6,6.6,309200000.0,701900000.0,701900000.0,701900000.0,465200000.0,1704900000.0,,2600000.0,-680500000.0,262500000.0,,634900000.0,465200000.0,1239700000.0,,-9100000.0,219500000.0,1020200000.0,-9100000.0,1011100000.0,1704900000.0,106300000.0,106400000.0,108400000.0
Edwards Lifesciences Corp,EW,YA13X31F3V31L8TMPR58,1099800,2014.0,Q3TTM,2013-10-01,2014-09-30,,7.3,7.3,7.3,334400000.0,777000000.0,777000000.0,777000000.0,609000000.0,2240900000.0,,2200000.0,-657400000.0,341100000.0,,821500000.0,609000000.0,1631900000.0,9800000.0,-3300000.0,507400000.0,1124500000.0,-13100000.0,1111400000.0,2240900000.0,106300000.0,106400000.0,108400000.0
Edwards Lifesciences Corp,EW,YA13X31F3V31L8TMPR58,1099800,2014.0,Q2,2014-04-01,2014-06-30,2015-07-29 16:10:29+00:00,5.18,5.18,5.09,266200000.0,547000000.0,547000000.0,547000000.0,151200000.0,575100000.0,,400000.0,-697400000.0,89100000.0,,215500000.0,151200000.0,423900000.0,,-3100000.0,-392400000.0,816300000.0,-3100000.0,813200000.0,575100000.0,105600000.0,105600000.0,107400000.0
Edwards Lifesciences Corp,EW,YA13X31F3V31L8TMPR58,1099800,2014.0,Q2YTD,2014-01-01,2014-06-30,,5.75,5.75,5.75,283200000.0,607300000.0,607300000.0,607300000.0,297100000.0,1097500000.0,,100000.0,-684400000.0,174900000.0,,412700000.0,297100000.0,800400000.0,,-6600000.0,-96700000.0,897100000.0,-6600000.0,890500000.0,1097500000.0,105600000.0,105600000.0,107400000.0
Edwards Lifesciences Corp,EW,YA13X31F3V31L8TMPR58,1099800,2014.0,Q2TTM,2013-07-01,2014-06-30,,7.19,7.19,7.19,331400000.0,759200000.0,759200000.0,759200000.0,569100000.0,2129100000.0,,100000.0,-657000000.0,337600000.0,,777100000.0,569100000.0,1560000000.0,9800000.0,-1800000.0,457800000.0,1102200000.0,-11600000.0,1090600000.0,2129100000.0,105600000.0,105600000.0,107400000.0
Edwards Lifesciences Corp,EW,YA13X31F3V31L8TMPR58,1099800,2014.0,Q1,2014-01-01,2014-03-31,2015-04-29 16:14:46+00:00,0.57,0.57,0.56,17000000.0,60300000.0,60300000.0,60300000.0,145900000.0,522400000.0,,-300000.0,13000000.0,85800000.0,,197200000.0,145900000.0,376500000.0,,-3500000.0,295700000.0,80800000.0,-3500000.0,77300000.0,522400000.0,105800000.0,106700000.0,108500000.0
Edwards Lifesciences Corp,EW,YA13X31F3V31L8TMPR58,1099800,2014.0,Q1TTM,2013-04-01,2014-03-31,,2.86,2.86,2.86,92400000.0,305500000.0,305500000.0,305500000.0,541500000.0,2071200000.0,,-200000.0,45900000.0,329000000.0,,748200000.0,541500000.0,1529700000.0,9800000.0,900000.0,1122900000.0,406800000.0,-8900000.0,397900000.0,2071200000.0,105800000.0,106700000.0,108500000.0
Edwards Lifesciences Corp,EW,YA13X31F3V31L8TMPR58,1099800,2015.0,FY,2015-01-01,2015-12-31,2018-02-16 16:10:41+00:00,2.3,2.3,2.25,127500000.0,494900000.0,494900000.0,494900000.0,617200000.0,2493700000.0,-4000000.0,,7200000.0,382900000.0,,850700000.0,617200000.0,1876500000.0,17200000.0,7900000.0,1240800000.0,635700000.0,-13300000.0,622400000.0,2493700000.0,215200000.0,215500000.0,220300000.0
Edwards Lifesciences Corp,EW,YA13X31F3V31L8TMPR58,1099800,2015.0,Q4,2015-10-01,2015-12-31,,0.65,0.65,0.65,26300000.0,140700000.0,140700000.0,140700000.0,175900000.0,671100000.0,-100000.0,-2000000.0,7200000.0,98000000.0,,222300000.0,175900000.0,495200000.0,17200000.0,14600000.0,325500000.0,169700000.0,-2700000.0,167000000.0,671100000.0,215200000.0,215500000.0,220300000.0
Edwards Lifesciences Corp,EW,YA13X31F3V31L8TMPR58,1099800,2015.0,Q3,2015-07-01,2015-09-30,2016-10-27 19:47:01+00:00,0.55,0.55,0.54,32600000.0,118100000.0,118100000.0,118100000.0,146700000.0,615500000.0,-2600000.0,,0.0,101000000.0,,212000000.0,146700000.0,468800000.0,,-2500000.0,313000000.0,155800000.0,-5100000.0,150700000.0,615500000.0,214700000.0,215200000.0,219900000.0
Edwards Lifesciences Corp,EW,YA13X31F3V31L8TMPR58,1099800,2015.0,Q3YTD,2015-01-01,2015-09-30,,1.65,1.65,1.65,101200000.0,354200000.0,354200000.0,354200000.0,441300000.0,1822600000.0,-3900000.0,2000000.0,,284900000.0,,628400000.0,441300000.0,1381300000.0,,-6700000.0,915300000.0,466000000.0,-10600000.0,455400000.0,1822600000.0,214700000.0,215200000.0,219900000.0
Edwards Lifesciences Corp,EW,YA13X31F3V31L8TMPR58,1099800,2015.0,Q3TTM,2014-10-01,2015-09-30,,2.15,2.15,2.15,124900000.0,463400000.0,463400000.0,463400000.0,601700000.0,2440600000.0,-11600000.0,-600000.0,10800000.0,368900000.0,,851500000.0,601700000.0,1838900000.0,17200000.0,8800000.0,1230600000.0,608300000.0,-20000000.0,588300000.0,2440600000.0,214700000.0,215200000.0,219900000.0
Edwards Lifesciences Corp,EW,YA13X31F3V31L8TMPR58,1099800,2015.0,Q2,2015-04-01,2015-06-30,2016-07-28 19:58:10+00:00,0.52,0.52,0.51,29500000.0,112700000.0,112700000.0,112700000.0,158600000.0,616800000.0,-1000000.0,1800000.0,0.0,97500000.0,,213900000.0,158600000.0,458200000.0,,-1800000.0,313200000.0,145000000.0,-2800000.0,142200000.0,616800000.0,216700000.0,215300000.0,219900000.0
Edwards Lifesciences Corp,EW,YA13X31F3V31L8TMPR58,1099800,2015.0,Q2YTD,2015-01-01,2015-06-30,,1.1,1.1,1.1,68600000.0,236100000.0,236100000.0,236100000.0,294600000.0,1207100000.0,-1300000.0,2000000.0,,183900000.0,,416400000.0,294600000.0,912500000.0,,-4200000.0,602300000.0,310200000.0,-5500000.0,304700000.0,1207100000.0,216700000.0,215300000.0,219900000.0
Edwards Lifesciences Corp,EW,YA13X31F3V31L8TMPR58,1099800,2015.0,Q2TTM,2014-07-01,2015-06-30,,2.04,2.04,2.04,118300000.0,439900000.0,439900000.0,439900000.0,623100000.0,2432500000.0,-9000000.0,1900000.0,14700000.0,355500000.0,,861700000.0,623100000.0,1809400000.0,17200000.0,8800000.0,1233800000.0,575600000.0,-17400000.0,558200000.0,2432500000.0,216700000.0,215300000.0,219900000.0
Edwards Lifesciences Corp,EW,YA13X31F3V31L8TMPR58,1099800,2015.0,Q1,2015-01-01,2015-03-31,2016-04-28 20:07:25+00:00,0.57,0.57,0.56,39100000.0,123400000.0,123400000.0,123400000.0,136000000.0,590300000.0,-300000.0,200000.0,,86400000.0,,202500000.0,136000000.0,454300000.0,,-2400000.0,289100000.0,165200000.0,-2700000.0,162500000.0,590300000.0,216500000.0,215500000.0,220600000.0
Edwards Lifesciences Corp,EW,YA13X31F3V31L8TMPR58,1099800,2015.0,Q1TTM,2014-04-01,2015-03-31,,4.06,4.06,4.06,355000000.0,874200000.0,874200000.0,874200000.0,615700000.0,2390800000.0,-8000000.0,500000.0,-682700000.0,347100000.0,,863300000.0,615700000.0,1775100000.0,17200000.0,7500000.0,528200000.0,1246900000.0,-17700000.0,1229200000.0,2390800000.0,216500000.0,215500000.0,220600000.0
Edwards Lifesciences Corp,EW,YA13X31F3V31L8TMPR58,1099800,2016.0,FY,2016-01-01,2016-12-31,2019-02-15 16:22:49+00:00,2.67,2.67,2.61,168400000.0,569500000.0,569500000.0,569500000.0,797400000.0,2963700000.0,-4900000.0,0.0,68200000.0,442200000.0,,904700000.0,797400000.0,2166300000.0,19200000.0,10800000.0,1415100000.0,751200000.0,-13300000.0,737900000.0,2963700000.0,213300000.0,213000000.0,217800000.0
Edwards Lifesciences Corp,EW,YA13X31F3V31L8TMPR58,1099800,2016.0,Q4,2016-10-01,2016-12-31,,0.74,0.74,0.74,41900000.0,158500000.0,158500000.0,158500000.0,213200000.0,767700000.0,700000.0,,4800000.0,114900000.0,,233600000.0,213200000.0,554500000.0,12300000.0,10800000.0,353300000.0,201200000.0,-800000.0,200400000.0,767700000.0,213300000.0,213000000.0,217800000.0
Edwards Lifesciences Corp,EW,YA13X31F3V31L8TMPR58,1099800,2016.0,Q3,2016-07-01,2016-09-30,2017-10-27 16:11:05+00:00,0.66,0.66,0.65,43800000.0,141400000.0,141400000.0,141400000.0,201400000.0,739400000.0,-1500000.0,,6600000.0,113000000.0,,229600000.0,201400000.0,538000000.0,2100000.0,,349200000.0,188800000.0,-3600000.0,185200000.0,739400000.0,214200000.0,213200000.0,218100000.0
Edwards Lifesciences Corp,EW,YA13X31F3V31L8TMPR58,1099800,2016.0,Q3YTD,2016-01-01,2016-09-30,,1.93,1.93,1.93,126500000.0,411000000.0,411000000.0,411000000.0,584200000.0,2196000000.0,-5600000.0,,63400000.0,327300000.0,,671100000.0,584200000.0,1611800000.0,6900000.0,,1061800000.0,550000000.0,-12500000.0,537500000.0,2196000000.0,214200000.0,213200000.0,218100000.0
Edwards Lifesciences Corp,EW,YA13X31F3V31L8TMPR58,1099800,2016.0,Q3TTM,2015-10-01,2016-09-30,,2.59,2.59,2.59,152800000.0,551700000.0,551700000.0,551700000.0,760100000.0,2867100000.0,-5700000.0,-2000000.0,70600000.0,425300000.0,,893400000.0,760100000.0,2107000000.0,24100000.0,14600000.0,1387300000.0,719700000.0,-15200000.0,704500000.0,2867100000.0,214200000.0,213200000.0,218100000.0
Edwards Lifesciences Corp,EW,YA13X31F3V31L8TMPR58,1099800,2016.0,Q2,2016-04-01,2016-06-30,2017-07-28 16:11:37+00:00,0.6,0.6,0.58,42400000.0,126600000.0,126600000.0,126600000.0,202500000.0,759300000.0,-100000.0,,44000000.0,112500000.0,,228800000.0,202500000.0,556800000.0,2400000.0,,385300000.0,171500000.0,-2500000.0,169000000.0,759300000.0,211000000.0,212200000.0,217300000.0
Edwards Lifesciences Corp,EW,YA13X31F3V31L8TMPR58,1099800,2016.0,Q2YTD,2016-01-01,2016-06-30,,1.27,1.27,1.27,82700000.0,269600000.0,269600000.0,269600000.0,382800000.0,1456600000.0,-4100000.0,,56800000.0,214300000.0,,441500000.0,382800000.0,1073800000.0,4800000.0,,712600000.0,361200000.0,-8900000.0,352300000.0,1456600000.0,211000000.0,212200000.0,217300000.0
Edwards Lifesciences Corp,EW,YA13X31F3V31L8TMPR58,1099800,2016.0,Q2TTM,2015-07-01,2016-06-30,,2.49,2.49,2.49,141600000.0,528400000.0,528400000.0,528400000.0,705400000.0,2743200000.0,-6800000.0,-2000000.0,64000000.0,413300000.0,,875800000.0,705400000.0,2037800000.0,22000000.0,12100000.0,1351100000.0,686700000.0,-16700000.0,670000000.0,2743200000.0,211000000.0,212200000.0,217300000.0
Edwards Lifesciences Corp,EW,YA13X31F3V31L8TMPR58,1099800,2016.0,Q1,2016-01-01,2016-03-31,2017-04-28 16:06:26+00:00,0.67,0.67,0.66,40300000.0,143000000.0,143000000.0,143000000.0,180300000.0,697300000.0,-4000000.0,,12800000.0,101800000.0,,212700000.0,180300000.0,517000000.0,2400000.0,,327300000.0,189700000.0,-6400000.0,183300000.0,697300000.0,213400000.0,213100000.0,217800000.0
Edwards Lifesciences Corp,EW,YA13X31F3V31L8TMPR58,1099800,2016.0,Q1TTM,2015-04-01,2016-03-31,,2.41,2.41,2.41,128700000.0,514500000.0,514500000.0,514500000.0,661500000.0,2600700000.0,-7700000.0,-200000.0,20000000.0,398300000.0,,860900000.0,661500000.0,1939200000.0,19600000.0,10300000.0,1279000000.0,660200000.0,-17000000.0,643200000.0,2600700000.0,213400000.0,213100000.0,217800000.0
Edwards Lifesciences Corp,EW,YA13X31F3V31L8TMPR58,1099800,2017.0,FY,2017-01-01,2017-12-31,2020-02-14 16:13:26+00:00,2.77,2.77,2.7,451300000.0,583600000.0,583600000.0,583600000.0,875300000.0,3435300000.0,-51600000.0,700000.0,-73500000.0,552600000.0,,990800000.0,875300000.0,2560000000.0,23200000.0,20300000.0,1470600000.0,1089400000.0,-54500000.0,1034900000.0,3435300000.0,210700000.0,210900000.0,215900000.0
Edwards Lifesciences Corp,EW,YA13X31F3V31L8TMPR58,1099800,2017.0,Q4,2017-10-01,2017-12-31,,-0.01,-0.01,-0.01,326700000.0,-2800000.0,-2800000.0,-2800000.0,235300000.0,888500000.0,-13200000.0,,-92600000.0,146600000.0,-9700000.0,272800000.0,235300000.0,653200000.0,19300000.0,20300000.0,317100000.0,336100000.0,-12200000.0,323900000.0,888500000.0,210700000.0,210900000.0,215900000.0
Edwards Lifesciences Corp,EW,YA13X31F3V31L8TMPR58,1099800,2017.0,Q3,2017-07-01,2017-09-30,2018-10-25 20:39:02+00:00,0.81,0.81,0.79,41700000.0,170100000.0,170100000.0,170100000.0,213300000.0,821500000.0,-2100000.0,0.0,-3000000.0,142900000.0,9700000.0,244600000.0,213300000.0,608200000.0,100000.0,,394200000.0,214000000.0,-2200000.0,211800000.0,821500000.0,210000000.0,211300000.0,216200000.0
Edwards Lifesciences Corp,EW,YA13X31F3V31L8TMPR58,1099800,2017.0,Q3YTD,2017-01-01,2017-09-30,,2.78,2.78,2.78,124600000.0,586400000.0,586400000.0,586400000.0,640000000.0,2546800000.0,-38400000.0,700000.0,19100000.0,406000000.0,9700000.0,718000000.0,640000000.0,1906800000.0,3900000.0,,1153500000.0,753300000.0,-42300000.0,711000000.0,2546800000.0,210000000.0,211300000.0,216200000.0
Edwards Lifesciences Corp,EW,YA13X31F3V31L8TMPR58,1099800,2017.0,Q3TTM,2016-10-01,2017-09-30,,3.53,3.53,3.53,166500000.0,744900000.0,744900000.0,744900000.0,853200000.0,3314500000.0,-37700000.0,700000.0,23900000.0,520900000.0,9700000.0,951600000.0,853200000.0,2461300000.0,16200000.0,10800000.0,1506800000.0,954500000.0,-43100000.0,911400000.0,3314500000.0,210000000.0,211300000.0,216200000.0
Edwards Lifesciences Corp,EW,YA13X31F3V31L8TMPR58,1099800,2017.0,Q2,2017-04-01,2017-06-30,2018-07-27 16:07:30+00:00,0.88,0.88,0.86,19500000.0,186100000.0,186100000.0,186100000.0,211100000.0,841800000.0,-34000000.0,700000.0,10800000.0,134400000.0,,243800000.0,211100000.0,630700000.0,1400000.0,,389700000.0,241000000.0,-35400000.0,205600000.0,841800000.0,211500000.0,210500000.0,215700000.0
Edwards Lifesciences Corp,EW,YA13X31F3V31L8TMPR58,1099800,2017.0,Q2YTD,2017-01-01,2017-06-30,,1.98,1.98,1.98,82900000.0,416300000.0,416300000.0,416300000.0,426700000.0,1725300000.0,-36300000.0,700000.0,22100000.0,263100000.0,,473400000.0,426700000.0,1298600000.0,3800000.0,,759300000.0,539300000.0,-40100000.0,499200000.0,1725300000.0,211500000.0,210500000.0,215700000.0
Edwards Lifesciences Corp,EW,YA13X31F3V31L8TMPR58,1099800,2017.0,Q2TTM,2016-07-01,2017-06-30,,3.4,3.4,3.4,168600000.0,716200000.0,716200000.0,716200000.0,841300000.0,3232400000.0,-37100000.0,700000.0,33500000.0,491000000.0,,936600000.0,841300000.0,2391100000.0,18200000.0,10800000.0,1461800000.0,929300000.0,-44500000.0,884800000.0,3232400000.0,211500000.0,210500000.0,215700000.0
Edwards Lifesciences Corp,EW,YA13X31F3V31L8TMPR58,1099800,2017.0,Q1,2017-01-01,2017-03-31,2018-04-27 16:06:36+00:00,1.09,1.09,1.06,63400000.0,230200000.0,230200000.0,230200000.0,215600000.0,883500000.0,-2300000.0,,11300000.0,128700000.0,,229600000.0,215600000.0,667900000.0,2400000.0,,369600000.0,298300000.0,-4700000.0,293600000.0,883500000.0,211200000.0,211200000.0,216400000.0
Edwards Lifesciences Corp,EW,YA13X31F3V31L8TMPR58,1099800,2017.0,Q1TTM,2016-04-01,2017-03-31,,3.11,3.11,3.11,191500000.0,656700000.0,656700000.0,656700000.0,832700000.0,3149900000.0,-3200000.0,,66700000.0,469100000.0,,921600000.0,832700000.0,2317200000.0,19200000.0,10800000.0,1457400000.0,859800000.0,-11600000.0,848200000.0,3149900000.0,211200000.0,211200000.0,216400000.0
Edwards Lifesciences Corp,EW,YA13X31F3V31L8TMPR58,1099800,2018.0,FY,2018-01-01,2018-12-31,2020-02-14 16:13:26+00:00,3.45,3.45,3.38,39200000.0,722200000.0,722200000.0,722200000.0,939400000.0,3722800000.0,11100000.0,0.0,324500000.0,622200000.0,,1088500000.0,939400000.0,2783400000.0,29900000.0,32000000.0,2035200000.0,748200000.0,13200000.0,761400000.0,3722800000.0,209300000.0,209200000.0,213600000.0
Edwards Lifesciences Corp,EW,YA13X31F3V31L8TMPR58,1099800,2018.0,Q4,2018-10-01,2018-12-31,,0.04,0.04,0.04,-8800000.0,7000000.0,7000000.0,7000000.0,234700000.0,977700000.0,1700000.0,,297100000.0,163100000.0,,288100000.0,234700000.0,743000000.0,30200000.0,32000000.0,748300000.0,-5300000.0,3500000.0,-1800000.0,977700000.0,209300000.0,209200000.0,213600000.0
Edwards Lifesciences Corp,EW,YA13X31F3V31L8TMPR58,1099800,2018.0,Q3,2018-07-01,2018-09-30,2019-10-25 16:08:59+00:00,1.08,1.08,1.06,22800000.0,225900000.0,225900000.0,225900000.0,224900000.0,906600000.0,300000.0,,1500000.0,161800000.0,,269500000.0,224900000.0,681700000.0,500000.0,,432800000.0,248900000.0,-200000.0,248700000.0,906600000.0,209200000.0,209000000.0,213200000.0
Edwards Lifesciences Corp,EW,YA13X31F3V31L8TMPR58,1099800,2018.0,Q3YTD,2018-01-01,2018-09-30,,3.41,3.41,3.34,48000000.0,715200000.0,715200000.0,715200000.0,704700000.0,2745100000.0,9400000.0,,27400000.0,459100000.0,,800400000.0,704700000.0,2040400000.0,-300000.0,,1286900000.0,753500000.0,9700000.0,763200000.0,2745100000.0,209200000.0,209000000.0,213200000.0
Edwards Lifesciences Corp,EW,YA13X31F3V31L8TMPR58,1099800,2018.0,Q3TTM,2017-10-01,2018-09-30,,3.41,3.41,3.41,374700000.0,712400000.0,712400000.0,712400000.0,940000000.0,3633600000.0,-3800000.0,,-65200000.0,605700000.0,-9700000.0,1073200000.0,940000000.0,2693600000.0,19000000.0,20300000.0,1604000000.0,1089600000.0,-2500000.0,1087100000.0,3633600000.0,209200000.0,209000000.0,213200000.0
Edwards Lifesciences Corp,EW,YA13X31F3V31L8TMPR58,1099800,2018.0,Q2,2018-04-01,2018-06-30,2019-07-26 16:05:11+00:00,1.35,1.35,1.32,-31700000.0,282700000.0,282700000.0,282700000.0,246200000.0,943700000.0,-1100000.0,,16400000.0,154100000.0,,274900000.0,246200000.0,697500000.0,0.0,,445400000.0,252100000.0,-1100000.0,251000000.0,943700000.0,209400000.0,209500000.0,214000000.0
Edwards Lifesciences Corp,EW,YA13X31F3V31L8TMPR58,1099800,2018.0,Q2YTD,2018-01-01,2018-06-30,,2.33,2.33,2.28,25200000.0,489300000.0,489300000.0,489300000.0,479800000.0,1838500000.0,9100000.0,,25900000.0,297300000.0,,530900000.0,479800000.0,1358700000.0,-800000.0,,854100000.0,504600000.0,9900000.0,514500000.0,1838500000.0,209400000.0,209500000.0,214000000.0
Edwards Lifesciences Corp,EW,YA13X31F3V31L8TMPR58,1099800,2018.0,Q2TTM,2017-07-01,2018-06-30,,3.13,3.13,3.13,393600000.0,656600000.0,656600000.0,656600000.0,928400000.0,3548500000.0,-6200000.0,,-69700000.0,586800000.0,,1048300000.0,928400000.0,2620100000.0,18600000.0,20300000.0,1565400000.0,1054700000.0,-4500000.0,1050200000.0,3548500000.0,209400000.0,209500000.0,214000000.0
Edwards Lifesciences Corp,EW,YA13X31F3V31L8TMPR58,1099800,2018.0,Q1,2018-01-01,2018-03-31,2019-04-26 16:09:27+00:00,0.98,0.98,0.96,56900000.0,206600000.0,206600000.0,206600000.0,233600000.0,894800000.0,10200000.0,,9500000.0,143200000.0,,256000000.0,233600000.0,661200000.0,-800000.0,,408700000.0,252500000.0,11000000.0,263500000.0,894800000.0,210800000.0,210200000.0,215100000.0
Edwards Lifesciences Corp,EW,YA13X31F3V31L8TMPR58,1099800,2018.0,Q1TTM,2017-04-01,2018-03-31,,2.66,2.66,2.66,444800000.0,560000000.0,560000000.0,560000000.0,893300000.0,3446600000.0,-39100000.0,700000.0,-75300000.0,567100000.0,,1017200000.0,893300000.0,2553300000.0,20000000.0,20300000.0,1509700000.0,1043600000.0,-38800000.0,1004800000.0,3446600000.0,210800000.0,210200000.0,215100000.0
Edwards Lifesciences Corp,EW,YA13X31F3V31L8TMPR58,1099800,2019.0,Q4,2019-10-01,2019-12-31,,1.35,1.35,1.31,35300000.0,280200000.0,280200000.0,280200000.0,286200000.0,1174100000.0,400000.0,,36000000.0,193900000.0,,347200000.0,286200000.0,887900000.0,27900000.0,32200000.0,577100000.0,310800000.0,4700000.0,315500000.0,1174100000.0,208100000.0,208300000.0,212200000.0
Edwards Lifesciences Corp,EW,YA13X31F3V31L8TMPR58,1099800,2019.0,FY,2019-01-01,2019-12-31,2020-02-14 16:13:26+00:00,5.03,5.03,4.93,119600000.0,1046900000.0,1046900000.0,1046900000.0,1114400000.0,4348000000.0,8200000.0,0.0,91900000.0,752700000.0,,1242200000.0,1114400000.0,3233600000.0,20700000.0,32200000.0,2086800000.0,1146800000.0,19700000.0,1166500000.0,4348000000.0,208100000.0,208300000.0,212200000.0
Edwards Lifesciences Corp,EW,YA13X31F3V31L8TMPR58,1099800,2019.0,Q3YTD,2019-01-01,2019-09-30,,3.68,3.68,3.62,84300000.0,766700000.0,766700000.0,766700000.0,828200000.0,3173900000.0,7800000.0,,55900000.0,558800000.0,,895000000.0,828200000.0,2345700000.0,-7200000.0,,1509700000.0,836000000.0,15000000.0,851000000.0,3173900000.0,208100000.0,208200000.0,212100000.0
Edwards Lifesciences Corp,EW,YA13X31F3V31L8TMPR58,1099800,2019.0,Q3TTM,2018-10-01,2019-09-30,,3.72,3.72,3.66,75500000.0,773700000.0,773700000.0,773700000.0,1062900000.0,4151600000.0,9500000.0,,353000000.0,721900000.0,,1183100000.0,1062900000.0,3088700000.0,23000000.0,32000000.0,2258000000.0,830700000.0,18500000.0,849200000.0,4151600000.0,208100000.0,208200000.0,212100000.0
Edwards Lifesciences Corp,EW,YA13X31F3V31L8TMPR58,1099800,2019.0,Q3,2019-07-01,2019-09-30,2019-10-25 16:08:59+00:00,1.32,1.32,1.3,27000000.0,274700000.0,274700000.0,274700000.0,292400000.0,1094000000.0,4600000.0,,5600000.0,195500000.0,,306200000.0,292400000.0,801600000.0,-2800000.0,,507300000.0,294300000.0,7400000.0,301700000.0,1094000000.0,208100000.0,208200000.0,212100000.0
Edwards Lifesciences Corp,EW,YA13X31F3V31L8TMPR58,1099800,2019.0,Q2YTD,2019-01-01,2019-06-30,,2.36,2.36,2.32,57300000.0,492000000.0,492000000.0,492000000.0,535800000.0,2079900000.0,3200000.0,,50300000.0,363300000.0,,588800000.0,535800000.0,1544100000.0,-4400000.0,,1002400000.0,541700000.0,7600000.0,549300000.0,2079900000.0,208900000.0,208100000.0,212100000.0
Edwards Lifesciences Corp,EW,YA13X31F3V31L8TMPR58,1099800,2019.0,Q2TTM,2018-07-01,2019-06-30,,3.48,3.48,3.42,71300000.0,724900000.0,724900000.0,724900000.0,995400000.0,3964200000.0,5200000.0,,348900000.0,688200000.0,,1146400000.0,995400000.0,2968800000.0,26300000.0,32000000.0,2183500000.0,785300000.0,10900000.0,796200000.0,3964200000.0,208900000.0,208100000.0,212100000.0
Edwards Lifesciences Corp,EW,YA13X31F3V31L8TMPR58,1099800,2019.0,Q2,2019-04-01,2019-06-30,2019-07-26 16:05:11+00:00,1.16,1.16,1.14,29000000.0,242300000.0,242300000.0,242300000.0,304000000.0,1086900000.0,1400000.0,,15000000.0,191900000.0,,308500000.0,304000000.0,782900000.0,-2400000.0,,515400000.0,267500000.0,3800000.0,271300000.0,1086900000.0,208900000.0,208100000.0,212100000.0
Edwards Lifesciences Corp,EW,YA13X31F3V31L8TMPR58,1099800,2019.0,Q1,2019-01-01,2019-03-31,2020-04-27 19:56:19+00:00,1.2,1.2,1.18,28300000.0,249700000.0,249700000.0,249700000.0,231800000.0,993000000.0,1800000.0,,35300000.0,171400000.0,,280300000.0,231800000.0,761200000.0,-2000000.0,,487000000.0,274200000.0,3800000.0,278000000.0,993000000.0,208100000.0,207900000.0,212200000.0
Edwards Lifesciences Corp,EW,YA13X31F3V31L8TMPR58,1099800,2019.0,Q1TTM,2018-04-01,2019-03-31,,3.67,3.67,3.6,10600000.0,765300000.0,765300000.0,765300000.0,937600000.0,3821000000.0,2700000.0,,350300000.0,650400000.0,,1112800000.0,937600000.0,2883400000.0,28700000.0,32000000.0,2113500000.0,769900000.0,6000000.0,775900000.0,3821000000.0,208100000.0,207900000.0,212200000.0
Edwards Lifesciences Corp,EW,YA13X31F3V31L8TMPR58,1099800,2020.0,Q1TTM,2019-04-01,2020-03-31,,5.32,5.32,5.22,145200000.0,1107800000.0,1107800000.0,1107800000.0,1147700000.0,4483700000.0,8300000.0,,66900000.0,768700000.0,,1269700000.0,1147700000.0,3336000000.0,18200000.0,32200000.0,2105300000.0,1230700000.0,22300000.0,1253000000.0,4483700000.0,208500000.0,208200000.0,211700000.0
Edwards Lifesciences Corp,EW,YA13X31F3V31L8TMPR58,1099800,2020.0,Q1,2020-01-01,2020-03-31,2020-04-27 19:56:19+00:00,1.49,1.49,1.47,53900000.0,310600000.0,310600000.0,310600000.0,265100000.0,1128700000.0,1900000.0,,10300000.0,187400000.0,,307800000.0,265100000.0,863600000.0,-4500000.0,,505500000.0,358100000.0,6400000.0,364500000.0,1128700000.0,208500000.0,208200000.0,211700000.0
